2279 2826
1030 139 1058 184 9

171 257 256 298 ἐστι,
279 252 323 291 τοὶ
349 255 385 290 δὲ
408 251 473 291 ἀπὸ
501 257 595 290 τοῦδε
617 255 808 300 Αἰγυπτίους
829 257 965 302 ἔρχομαι
986 252 1100 301 λόγους
1124 257 1239 303 ἐρέω,
1271 252 1362 292 κατὰ
1383 253 1513 302 ἤκουον·
1537 256 1713 302 προσέσται
1735 255 1772 291 δὲ
1799 250 1934 292 affeetu(

169 332 202 355 τι
222 317 282 355 καὶ
303 319 367 365 τῆς
390 319 475 365 ἐμῆς
495 313 591 364 ’ὄψιος
605 319 665 363 ¹⁴).
710 318 921 366 Quamquam
948 325 1058 353 autem
1080 318 1205 367 insigni
1231 318 1389 369 historiae
1410 306 1517 366 patris
1541 318 1676 353 nomine
1690 319 1740 363 ¹⁸)
1769 318 1929 353 naudo-

170 389 241 416 tum
270 381 400 427 optimo
425 381 498 415 iure
531 394 606 415 esse
637 389 789 415 ornatum
822 382 967 425 dixeris,
1000 395 1098 428 quem
1128 383 1317 416 incredibili
1342 395 1423 416 sane
1447 395 1503 416 res
1528 382 1680 428 antiquas
1704 389 1739 416 et
1760 389 1927 416 terrarum

171 451 306 479 naturas
334 443 561 490 cognoscendi
591 443 725 479 ductum
757 444 867 479 studio
897 444 1082 492 longinqua
1108 445 1230 480 fecisse
1262 445 1391 479 itinera
1383 445 1443 486 ¹⁶)
1477 457 1661 492 omnesque
1684 444 1926 492 peregrinandi

170 508 304 542 labores
327 513 360 541 et
383 507 510 540 infinita
532 507 680 553 pericula
704 507 829 541 obiisse
858 508 1021 550 sciamus,
1052 508 1094 542 de
1122 521 1188 554 quo
1213 514 1246 542 et
1270 509 1304 554 ip
1313 521 1350 542 se
1372 508 1559 554 Dionysius
1585 508 1759 542 Halicarn.
1791 508 1926 542 verissi-

172 584 262 605 mum
286 570 413 604 faciens
436 569 612 604 iudicium:
641 570 740 616 epist.
770 570 812 604 ad
844 569 909 605 Cn.
937 559 1094 617 Pompei.
1117 571 1183 605 ΙΙΙ.
1206 584 1239 617 p.
1262 573 1307 605 29
1334 571 1385 606 ed.
1413 571 1454 606 C.
1477 571 1544 606 W.
1569 570 1724 617 liniger:
1755 565 1823 612 (Ου
1845 566 1923 617 μὴν,

117 676 121 680 ¹
171 633 296 680 inquit,
322 628 501 678 Ηρόδοτός
522 645 558 677 γε
581 629 666 667 τοῦτ’
690 633 855 678 ἐποίησεν)
880 628 981 675 οἶλλοί,
1010 635 1074 667 τῶν
1102 630 1162 678 πρὸ
1187 629 1283 668 αυτοῦ
1309 635 1514 679 συγγραφέων
1536 635 1710 678 γενομένων
1728 630 1924 668 Ἑλλανυιοῦ

171 709 208 732 τε
228 696 286 731 καὶ
307 693 463 740 Χάρωνος
483 692 544 740 τὴν
568 691 669 741 αυτὴν
691 692 839 731 ὑπόθεσιν
861 693 1163 740 προεκδεδωκότων,
1197 710 1254 731 ουκ
1275 692 1494 741 ἀπετράπετο,
1518 691 1587 731 ἀλλ’
1611 687 1794 732 ἐπίστευσεν
1815 690 1923 732 αὖτῶν

170 750 315 804 κρεῖσσόν
337 770 371 793 τι
397 757 538 800 ἐξοίσειν·
561 769 636 802 οπερ
657 757 715 792 καὶ
735 757 892 803 πεποίηκε
913 777 957 782 -
979 763 1090 790 tamen
1113 771 1189 792 eum
1211 758 1287 804 ipsa
1311 758 1411 791 animi
1439 758 1590 798 indoles,
1624 758 1719 791 cuius
1748 758 1922 792 victricem

170 821 236 855 vim
249 833 348 855 nemo
362 819 537 866 quisquam
555 832 695 866 prorsus
719 819 955 874 subterfugere
979 820 1099 866 possit,
1122 827 1193 855 tum
1218 821 1318 855 etiam
1342 821 1458 854 aetatis
1482 821 1571 855 illius
1594 820 1774 867 opiniones
1795 832 1920 867 pravae

171 883 332 931 quaedam
355 888 388 917 et
410 882 569 917 nonnulla
594 882 635 916 de
657 881 779 916 abditis
802 888 836 916 et
860 882 1043 920 reconditis
1073 895 1184 917 rerum
1215 883 1325 929 cqusis
1348 883 1564 929 superstitio,
1592 895 1691 929 quam
1721 889 1756 916 ut
1789 882 1921 916 disiice·

171 953 222 980 ret
244 952 277 980 ct
300 945 484 992 depelleret
506 958 574 979 non
593 958 698 991 aeque
715 951 832 979 nostro
850 945 992 991 contigit
1015 958 1053 979 ae
1076 945 1278 992 Thucydidi,
1305 946 1339 979 in
1363 959 1460 980 causa
1479 953 1584 989 erant,
1610 946 1789 992 quominus
1806 958 1921 992 quan-

171 1010 222 1044 vis
242 1009 363 1043 seriam
380 1009 460 1043 licet
476 1021 555 1043 vera
573 1008 764 1042 inveniendi
783 1015 927 1042 mentem
947 1008 1217 1055 voluntatemque
1236 1015 1270 1043 et
1291 1009 1494 1055 suscepisset
1515 1015 1548 1043 et
1566 1006 1759 1043 constanter
1783 1008 1920 1055 quidem

171 1079 261 1107 certe
283 1078 387 1106 totam
414 1084 476 1117 per
497 1071 599 1116 vitam
622 1071 766 1114 coleret,
798 1071 1062 1105 narratiunculas
1086 1073 1245 1118 quasdam
1270 1073 1441 1106 fabulosas
1465 1073 1673 1119 perspiceret
1696 1079 1729 1105 ct
1751 1071 1919 1106 reiiceret-

170 1135 248 1181 Ego
284 1147 365 1169 vero
398 1132 567 1168 Herodoti
593 1138 720 1168 tantum
752 1133 848 1168 abest
876 1139 913 1168 ut
942 1134 1121 1180 quidquam
1158 1134 1352 1182 demerita
1387 1135 1484 1168 laude
1518 1135 1706 1178 detrahere,
1727 1130 1835 1168 velim'
1862 1140 1920 1168 ant

171 1198 329 1240 audeam,
363 1203 403 1231 ut
429 1197 524 1230 nefas
555 1196 695 1229 habeam
724 1196 864 1230 virtutes
896 1196 1048 1230 historici
1078 1210 1216 1242 magnas
1246 1197 1320 1230 illas
1351 1197 1485 1243 quidem
1518 1198 1704 1231 detrectare
1733 1203 1789 1230 aut
1816 1197 1919 1231 etiam

119 1250 126 1256 ’
170 1260 182 1294 i
209 1273 282 1294 snm
305 1259 468 1293 maledico
491 1271 630 1305 carpere
653 1259 773 1302 dente,
798 1265 915 1304 utpote
938 1258 1032 1293 cuius
1055 1258 1212 1293 historias
1235 1272 1300 1305 ego
1325 1259 1458 1306 quidem
1481 1272 1649 1306 nunquam
1671 1258 1802 1305 legam,
1835 1258 1918 1306 quin

171 1335 241 1362 sive
265 1321 427 1356 orationis
454 1320 641 1354 mirabilem
669 1326 874 1355 venustatem
902 1321 1010 1367 mag-is
1041 1321 1215 1368 magisque
1242 1335 1352 1356 amare
1382 1323 1461 1355 mibi
1493 1322 1608 1368 videar
1637 1321 1708 1355 sive
1738 1321 1927 1355 candidum.

171 1385 316 1420 animum
339 1390 373 1419 et
396 1390 548 1430 apertum
571 1383 751 1430 suspiciam
777 1389 810 1417 et
833 1390 992 1429 quantum
1016 1385 1207 1430 superiores
1231 1391 1395 1431 quotquot
1417 1385 1565 1427 fuerant,
1589 1375 1646 1430 qu'i
1670 1384 1751 1430 quid
1775 1389 1917 1430 possent

171 1448 205 1482 in
227 1446 366 1481 historia
389 1451 590 1489 tentassent,
615 1458 732 1480 omnes
757 1458 826 1480 non
848 1451 916 1480 tam
938 1446 1157 1481 aemulatione
1181 1459 1279 1494 quam
1302 1460 1362 1481 sua
1383 1447 1490 1494 ipsius
1513 1446 1641 1492 ingenii
1663 1447 1697 1480 vi
1721 1458 1917 1493 summaque

170 1510 327 1544 facultate
355 1508 564 1555 superaverit
593 1508 738 1542 admirer
752 1509 810 1549 ιῪ).
866 1508 972 1542 Cuius
1002 1509 1135 1555 generis
1166 1510 1349 1556 scriptores
1380 1511 1534 1544 fortunae
1556 1509 1671 1543 nescio
1701 1521 1766 1555 qua
1789 1509 1917 1544 invidia

395 1591 445 1629 ¹⁴)·
469 1591 648 1620 Dahlmann.
665 1592 685 1620 l.
704 1591 726 1620 l.
744 1601 772 1630 p.
793 1592 856 1621 111.
878 1607 915 1612 —
935 1591 1071 1620 creuzer
1089 1593 1154 1620 Art.
1173 1592 1242 1621 hist.
1266 1594 1371 1621 Graec.
1389 1603 1416 1632 p.
1440 1593 1495 1622 174
1513 1602 1597 1631 seqq.

396 1648 438 1684 ¹⁵)
472 1647 506 1676 C.
528 1646 675 1676 Odofred.
695 1632 809 1676 Mii'uer
831 1647 851 1675 l.
870 1647 891 1675 l.
910 1648 934 1680 1,
953 1648 1009 1677 479
1028 1657 1110 1686 seqq.
1130 1648 1215 1681 „Der
1234 1653 1315 1676 erste
1335 1649 1482 1681 Grieehe,
1501 1649 1533 1676 in
1552 1649 1663 1675 desset:
1682 1647 1768 1685 Ropf
1783 1649 1839 1676 der
1858 1649 1917 1676 Ge-

469 1703 566 1731 danke
586 1702 651 1731 sich
671 1703 865 1732 entwiekelte
885 1721 921 1726 —
940 1705 1009 1732 dass
1028 1703 1105 1732 auch
1123 1704 1172 1732 die
1194 1689 1371 1741 Erziihlung
1389 1705 1507 1732 wahren·
1531 1703 1779 1741 Begebenheiten
1813 1704 1917 1739 (nicht

470 1758 656 1787 erdichteter
676 1759 904 1797 Gegenstiinde)
930 1760 1021 1788 einen
1044 1759 1175 1797 miehtig
1195 1759 1410 1797 ergreifenden
1429 1759 1584 1788 Eindruek
1604 1757 1661 1787 auf
1677 1759 1726 1787 die
1745 1759 1916 1787 Gemiither

148 1672 167 1691 0

468 1813 593 1842 maehcn
612 1813 729 1846 kiinnc,
749 1814 811 1843 der'
822 1815 939 1844 Homer
957 1816 1014 1847 der
1033 1814 1396 1853 Geschichtschreibung‚
1418 1825 1483 1842 war
1503 1815 1661 1843 uer-odora

394 1870 436 1906 ¹⁸)
469 1871 517 1898 De
543 1869 691 1911 llerocloti
718 1871 780 1898 vita
806 1876 837 1900 et
862 1865 1024 1900 itineribus
1047 1871 1167 1908 scripsit
1186 1871 1220 1899 C.
1240 1871 1294 1899 W.
1314 1870 1347 1899 L.
1369 1871 1472 1910 Heyse
1499 1855 1600 1899 Beroi.
1621 1870 1703 1899 1827.
1742 1870 1915 1900 Dahhnann

467 1927 486 1954 Ι.
513 1926 533 1953 Ι.
557 1935 585 1962 p.
609 1925 646 1953 ⁵3
668 1935 752 1964 seqq.
779 1943 817 1947 —
846 1927 893 1955 De
913 1932 1005 1965 gente
1030 1925 1179 1955 Herodoti
1205 1926 1244 1955 ef.
1269 1926 1432 1954 Naockium
1458 1926 1495 1954 ad
1520 1925 1656 1955 Choeril.
1682 1926 1788 1964 frag-m.
1815 1937 1843 1965 p.
1871 1927 1916 1956 18.

466 1982 568 2019 lleyse
588 1981 607 2008 1.
626 1981 646 2008 l.
667 1990 692 2016 p.
711 1991 740 2018 q.
759 1991 843 2019 seqq.
863 1986 904 2014 et,
926 1982 979 2020 qui
1000 1982 1134 2020 proxime
1154 1982 1193 2010 de
1213 1992 1248 2010 ea
1271 1991 1304 2009 re
1324 1982 1488 2013 disseruit,
1513 1981 1705 2009 Pistotlaeum
1727 1982 1915 2011 Tzsehirner

468 2037 500 2065 in
518 2034 639 2067 libello,
665 2036 717 2074 qui
738 2036 916 2066 inscribitur
934 2037 1108 2078 Panyasidis
1126 2036 1349 2066 Halicarnassei
1368 2036 1563 2066 Heracleadis
1590 2035 1770 2075 fragmenta.
1798 2036 1915 2067 Vratis·

467 2093 563 2121 laviae
586 2091 667 2120 18⁴2.
687 2102 731 2129 ep.
755 2093 792 2121 ΙΙ.
810 2103 838 2130 p.
857 2094 883 2122 7.

395 2149 433 2186 ¹')
456 2148 649 2184 ·Qnintiliani
674 2148 711 2176 de
731 2149 881 2177 Herodoti
900 2149 1038 2178 oratione
1057 2149 1211 2178 sentetrtia
1229 2149 1303 2177 haee
1325 2153 1388 2177 est:
1417 2148 1517 2177 Instit.
1537 2146 1622 2176 Orat.
1647 2147 1710 2180 IX,
1736 2149 1771 2181 4,
1799 2150 1849 2180 182
1879 2151 1916 2179 Ιιι

470 2211 626 2240 lleroduto
644 2221 717 2240 vero
732 2222 802 2240 cum
817 2213 925 2245 omnia,
945 2217 981 2241 ut
999 2222 1056 2251 ego
1072 2212 1193 2250 quidem
1208 2213 1316 2245 sentio,
1330 2213 1442 2240 leniter
1460 2212 1571 2243 fluunt,
1585 2215 1651 2239 tum
1661 2211 1725 2248 ipsa
1745 2201 1917 2248 διάλεκτος

468 2268 559 2296 habet
579 2277 643 2296 eam
663 2268 890 2300 iucunditatem,
912 2273 946 2296 ut
964 2269 1094 2297 latentes
1115 2268 1205 2297 etiam
1224 2278 1368 2297 numeros
1386 2267 1541 2306 complexa
1560 2267 1710 2296 videatur.
1729 2268 1770 2297 cf.
1789 2268 1915 2310 Dionys.

471 2324 621 2352 Halicarn.
642 2323 688 2350 De
703 2333 837 2360 compos.
858 2323 961 2351 verbb.
981 2324 1034 2351 ΙΙΙ.
1053 2333 1080 2360 p.
1100 2324 1211 2353 37—27
1230 2324 1276 2351 ed.
1295 2323 1450 2352 Schaefer.
1478 2325 1568 2361 Apud
1587 2325 1781 2352 Athenaeum
1805 2326 1858 2357 ΙΙΙ,
1881 2327 1918 2354 15

1305 2381 1307 2383 ·
1670 2374 1690 2402 3
