2182 2881
804 96 819 112 ⁶
1115 94 1144 140 8

254 209 396 243 debcant
421 215 453 243 et
477 209 769 256 progressionem,
792 223 861 245 non
885 218 937 246 cst
960 210 1048 259 qnod
1074 211 1243 253 miremur,
1266 209 1294 243 si
1318 208 1478 243 historiae
1502 219 1637 256 quoqne
1658 207 1922 259 conscribendae
1943 220 1998 243 ars

253 273 294 305 al)
327 272 444 305 iisdem
469 270 612 305 Graecis
642 273 761 318 primis
788 274 953 316 exercita,
985 274 1140 308 eximium
1170 273 1219 306 in·
1235 272 1370 306 modum
1399 271 1551 314 exculta,
1588 271 1743 304 omnibns
1772 283 1814 304 ex
1846 271 1999 317 partiDns

253 334 421 381 perpolita
451 334 563 370 ruerit.
617 335 688 370 lam
720 336 826 383 prima
856 337 1034 371 historicae
1065 335 1146 370 artis
1176 341 1286 377 aetas,
1320 334 1349 369 si
1373 334 1557 382 primordia
1583 333 1712 380 etipsa
1736 333 1892 380 specioso
1917 333 1999 367 artis

252 397 387 430 nomine
420 397 585 443 appellari
617 398 734 440 liceat,
769 411 838 432 non
865 412 990 445 pancos
1022 411 1132 431 rernm
1163 397 1372 443 antiquarum
1403 397 1587 443 scriptores
1615 396 1711 438 tulit,
1745 408 1831 442 qnos
1850 390 1997 430 Qosdem

251 456 481 505 λογογράφους
497 459 668 523 dictos-¹³)
700 461 745 495 ita
776 462 909 508 excepit
940 461 1151 504 Herodotus,
1181 466 1217 494 nt
1246 459 1367 506 quibus
1397 466 1504 493 aetate
1531 471 1659 505 suppar
1687 464 1743 492 ant
1771 459 1872 505 paulo
1908 466 1998 493 esset

251 521 412 564 inferior,
440 522 576 560 cosdem
605 530 677 556 arte
706 523 810 569 longe
840 524 996 558 vinceret.
1045 523 1116 569 Qui
1139 529 1259 569 quanta
1289 535 1363 556 cum
1390 521 1490 554 animi
1514 520 1684 554 alacritate
1709 526 1808 567 atque
1834 521 1997 555 industria

252 584 285 617 id
310 584 493 628 studuerit,
525 591 562 619 ut
592 585 627 619 in
654 586 829 628 omnibus,
861 600 943 632 quas
967 592 1021 620 aut
1043 585 1118 631 ipse
1140 585 1223 619 vidit
1245 591 1300 618 ant
1323 585 1367 622 ab,
1392 584 1465 617 aliis
1489 583 1690 617 sciscitando
1713 583 1862 628 acecpit,
1891 584 1994 617 rebus

251 652 284 678 ct
313 645 523 692 perspiceret
549 660 666 681 verum
697 654 746 691 et,
778 648 889 695 quoad
919 648 991 682 eius
1005 639 1129 681 ⁴faeere
1158 652 1292 694 posset,
1325 650 1539 693 perspectum
1567 645 1602 678 in
1626 644 1883 679 commentarios
1912 657 1993 680 suos

252 709 412 751 referret,
448 721 523 742 enm
554 722 596 742 ex
625 710 789 743 eiusmodi
819 711 931 744 verbis
966 709 1105 754 intellig-i
1136 715 1266 754 potest,
1301 708 1421 753 quibus
1452 707 1494 741 de
1524 707 1634 740 dubiis
1669 707 1805 740 mirisvc
1834 720 1994 742 enarrans

251 769 353 803 rebus
385 770 548 804 sinceram
581 783 675 805 suam
705 771 833 818 aperiat
863 771 1057 806 sententiam
1086 771 1115 804 1.
1147 772 1222 805 140.
1267 771 1384 805 Ταῦτα
1418 769 1477 816 μὲν
1506 765 1756 815 ἀτρεκέως’ἐ’χω
1786 769 1857 815 περὶ
1887 765 1994 806 αὐτῶν

252 829 346 873 effide
367 823 474 868 εἰπεῖν·
499 830 581 869 τάδε
604 835 713 879 μέντοι
735 831 781 875 ὥς
801 831 1004 879 κρυπτόμενα
1023 835 1149 878 λέγεται
1169 833 1226 868 καί
1247 828 1283 868 ου’
1305 833 1474 879 σαφηνέως
1490 832 1561 877 περὶ
1579 834 1635 867 τοῦ
1654 827 1952 880 ἀποθανόντοςκτ.
1966 837 1995 869 λ.

252 890 567 937 111,115.Αὗται
596 897 652 941 μέν
680 910 733 931 νυν
765 898 796 932 ἔν
822 910 858 932 τε
884 898 927 943 τῇ
960 892 1057 942 Ἀσίῃ
1072 896 1225 941 ἐσχατιαί
1247 896 1324 931 εἰσιν
1346 895 1403 931 καὶ
1428 896 1460 931 ἐν
1489 897 1533 942 τῇ
1560 891 1677 941 Λιβυῃ·
1706 895 1777 941 περὶ
1801 895 1839 931 δὲ
1865 898 1932 932 τῶν
1960 898 1994 933 ἐν

251 959 293 1003 τῇ
317 953 462 1004 Εὗρωπῃ
490 961 555 994 τῶν
584 956 665 1004 πρὸς
689 961 825 1005 ἑσπέρην
856 961 1027 1005 ἐσχατιέων
1049 960 1112 1004 4340
1136 958 1192 1004 μὲν
1216 971 1275 994 ουκ
1296 954 1455 1004 ἀτρεκέως
1475 960 1584 1004 λέγειν
1608 971 1682 994 ουτε
1702 955 1764 1004 γὰρ
1789 959 1893 1005 ἔγωγε
1909 961 1994 996 ἐνδέ-

251 1034 352 1066 κομαι
373 1014 544 1067 Ἠριδανόν
567 1035 640 1057 τινα
661 1024 832 1059 καλέεσθαι
853 1020 933 1068 πρὸς
957 1018 1124 1068 βαρβάρων
1145 1019 1291 1068 ποταμὸν
1313 1034 1344 1058 κ.
1365 1035 1394 1058 τ.
1417 1025 1446 1058 λ.
1467 1022 1497 1066 Ι,
1511 1024 1574 1056 183
1596 1019 1657 1068 ἐγω
1671 1023 1728 1068 μέν
1746 1035 1798 1068 μιν
1819 1035 1877 1058 ουκ
1899 1020 1994 1067 εἶδον,

250 1081 294 1118 τοὶ
320 1084 357 1119 δὲ
380 1086 509 1129 λέγεται
531 1081 590 1120 un&
617 1086 800 1127 Χαλδαίων,
822 1087 931 1120 ταῦτα
952 1086 1041 1129 λέγω.
1067 1085 1144 1118 coll.
1166 1084 1233 1127 ΙΙΙ,
1257 1087 1312 1118 45.
1334 1085 1402 1128 lv,
1428 1087 1501 1119 187.
1523 1085 1572 1127 ΙΙ,
1597 1087 1672 1118 113.
1695 1085 1742 1118 ΙΙ.
1764 1087 1809 1118 43
1831 1099 1926 1132 seqq.
1949 1100 1993 1121 ne

251 1145 347 1190 plura
371 1147 506 1181 afferam
529 1168 570 1172 —
594 1154 663 1181 tum
691 1160 772 1181 vero
802 1148 987 1182 luculenter
1009 1154 1146 1194 apparet
1177 1161 1218 1181 ex
1245 1148 1309 1181 hoc
1338 1147 1435 1192 loco,
1465 1147 1541 1192 nbi,
1574 1160 1639 1194 qua
1669 1154 1740 1182 erat
1768 1148 1934 1194 religione
1957 1156 1992 1184 et

250 1208 443 1252 diligentia,
476 1210 639 1247 fontium,
668 1211 756 1243 unde
779 1222 838 1243 sua
861 1211 1023 1250 hauserit,
1054 1209 1217 1243 rationem
1239 1210 1401 1253 reddens,
1438 1216 1546 1244 totum
1569 1222 1684 1243 eorum
1706 1222 1814 1256 genus
1835 1201 1926 1246 hunc
1948 1213 1991 1246 ad

249 1271 383 1304 modum
412 1272 572 1305 discernit
596 1272 643 1313 ΙΙ,
666 1275 711 1305 99
732 1274 836 1317 Μέχρι
852 1273 909 1318 μὲν
931 1270 1041 1308 τούτου
1063 1269 1142 1318 ὄψις
1163 1286 1199 1308 τε
1221 1270 1284 1318 ἐμὴ
1306 1273 1364 1308 καὶ
1379 1270 1490 1319 γνώμη
1509 1272 1567 1308 καὶ
1586 1273 1707 1319 ῖστορίη
1727 1276 1836 1309 ταῦτα
1851 1272 1991 1319 λέγουσσί

545 1344 897 1383 Staatsverhandlungen
923 1345 1117 1384 Thukydides
1142 1345 1241 1383 magt,
1276 1345 1365 1374 lunum
1390 1346 1521 1384 miiglieh
1544 1347 1609 1374 sein
1631 1346 1706 1384 jene
1735 1357 1773 1375 zu
1801 1347 1989 1377 erreielnen“.

544 1407 581 1433 ol.
602 1407 695 1434 ΤΙιιιο.
715 1406 752 1438 V,
771 1407 814 1435 68.
845 1397 882 1434 τὸ
906 1400 962 1445 μὲν
984 1397 1043 1444 γὰρ
1068 1400 1327 1445 Λακεδαιμονίων
1350 1402 1472 1446 πλῆθος
1503 1397 1558 1436 ὃιοὶ
1580 1403 1644 1447 τῆς
1665 1402 1829 1443 πολιτείας
1849 1400 1887 1438 τὸ
1913 1416 1988 1448 κρυ-

544 1458 640 1502 πτὸν,
662 1457 805 1507 ἠγνοεῖτο
830 1468 860 1491 et
880 1463 978 1491 schol.
1000 1463 1035 1491 ad
1054 1463 1083 1491 h.
1097 1464 1121 1491 1.
1140 1468 1171 1492 et
1180 1475 1207 1502 p.
1217 1464 1280 1493 351.
1302 1464 1410 1492 Wenn
1429 1465 1542 1502 vollige
1567 1464 1707 1494 mart-eit
1726 1465 1782 1494 der
1801 1466 1988 1506 Erziihlung,

543 1520 844 1563 [Thon-cinstimmung
865 1527 941 1554 aller
963 1526 1121 1553 einzelnen
1148 1525 1267 1553 Punkte
1293 1529 1386 1553 nnter
1412 1525 1557 1554 einander
1582 1527 1646 1555 und
1670 1528 1726 1556 mit
1752 1528 1807 1556 der
1829 1533 1914 1559 sonst
1935 1529 1987 1559 he-

543 1581 676 1608 kanntcn
696 1580 777 1619 Lage
806 1581 861 1609 der
880 1581 995 1620 Dinge,
1019 1581 1184 1610 Harmonie
1213 1581 1267 1609 des
1293 1581 1461 1610 Enihlten
1485 1582 1540 1611 mit
1565 1583 1625 1611 den
1651 1584 1802 1613 Gesetzen
1827 1586 1986 1615 menschli-

542 1637 615 1663 cher
638 1636 736 1664 Natur
758 1637 821 1664 und
843 1637 902 1665 den
929 1637 1136 1665 Charakteren
1156 1636 1211 1664 der
1229 1636 1422 1666 handelnden
1448 1638 1606 1667 Personen
1632 1639 1701 1668 eine
1726 1640 1911 1678 Biirgsehaft
1930 1641 1986 1670 der
1999 1678 2010 1685 ι

542 1691 710 1720 ῑνιιίιήιοίι
729 1692 792 1720 und
812 1692 914 1720 Treue
933 1693 988 1720 der
1000 1691 1355 1730 -Geschiehtschrcibung
1372 1692 1428 1726 ist,
1449 1703 1482 1722 so
1502 1693 1602 1722 haben
1620 1695 1678 1723 wir
1697 1695 1781 1723 dieue
1800 1695 1986 1734 Biirgschal't

539 1746 588 1774 bei
609 1747 745 1786 Thukyd.
765 1748 806 1775 im
825 1748 958 1776 vollsten
978 1748 1121 1776 Mansae‘z

465 1801 506 1837 ¹⁵)
538 1802 576 1830 cf.
598 1802 635 1830 dc
655 1802 703 1830 his
722 1803 917 1841 logographis
944 1803 1079 1832 Creuzcr
1099 1804 1165 1832 Art.
1191 1803 1335 1832 nistoric.
1356 1804 1514 1834 Graecorr.
1534 1815 1561 1844 p.
1581 1807 1619 1836 63
1638 1816 1722 1846 seqq.
1760 1804 1933 1838 Dahllnann
1952 1810 1985 1839 in

535 1858 631 1891 libro,
657 1859 710 1897 qui
738 1859 860 1887 inscrih.
894 1860 1060 1892 ‚‚Hcrodot.
1087 1861 1153 1888 Aua
1181 1860 1294 1888 seinem
1323 1861 1427 1890 Buche
1453 1862 1518 1891 sein
1544 1863 1650 1892 Lebcn
1677 1875 1705 1902 p.
1732 1864 1786 1893 1⁰8
1806 1867 1832 1900 §-
1852 1866 1896 1894 21.
1937 1867 1987 1895 Ab

536 1919 710 1948 huiusmodi
730 1922 852 1958 generis
873 1922 1081 1959 logograpbis,
1103 1922 1154 1959 qui
1174 1910 1286 1958 λόγουζ
1307 1923 1474 1960 antiquitus
1494 1934 1548 1953 ore
1564 1926 1692 1954 traditos
1711 1926 1809 1954 literis
1829 1929 1986 1966 consigna-

533 1985 662 2013 verunt,
688 1982 780 2019 longe
808 1982 921 2010 diversi
948 1987 1019 2010 sunt
1043 1983 1081 2015 ii,
1105 1983 1157 2019 qui
1177 1987 1208 2010 et
1228 1983 1285 2028 ⁵2³³
1308 1974 1499 2024 λογογράφοι
1520 1987 1591 2015 dieti
1619 1988 1773 2016 orationes
1793 1987 1932 2018 forenses
1952 1990 1984 2018 in

532 2037 662 2065 aliorum
682 2047 771 2066 usum
791 2038 891 2075 pretio
911 2038 1059 2067 conficere
1079 2038 1234 2072 solebant,
1254 2050 1383 2077 quorum
1407 2042 1438 2070 in
1457 2053 1618 2072 numerum
1639 2044 1794 2072 referendi
1814 2050 1902 2074 sunt:
1922 2049 1985 2074 An—

530 2093 648 2131 tiphon,
669 2094 785 2132 Lysias‚
802 2094 979 2133 Lycurgus,
1000 2096 1112 2127 Isaeus,
1132 2095 1365 2128 Demosthenes.
1385 2097 1556 2137 Hyperides
1576 2100 1635 2128 alii.
1675 2099 1751 2128 Nam
1771 2109 1808 2128 ex
1828 2110 1889 2139 quo
1909 2105 1983 2129 tem-

529 2158 604 2187 pore
619 2150 779 2188 Antiqhon
801 2160 836 2178 ea
856 2150 1030 2179 conditione
1051 2150 1204 2180 orationes
1227 2151 1366 2182 forenses
1386 2161 1607 2193 composuerat,
1627 2156 1648 2186 ii
1667 2165 1783 2189 omnes,
1803 2157 1857 2196 qui
1877 2157 1982 2186 eodem

528 2220 657 2238 munere
677 2211 845 2249 fungentes
866 2196 1024 2249 quaest'um
1044 2213 1191 2246 facerent,
1213 2205 1405 2255 λογογράφοι
1427 2217 1623 2249 vocabantur.
1652 2218 1692 2247 es.
1711 2218 1829 2247 Platon.
1849 2218 1982 2248 phaedr.

522 2266 579 2295 257
593 2265 628 2295 C.
643 2271 674 2295 et
689 2266 857 2295 Stallbaum
873 2267 910 2296 ad
924 2268 946 2297 l.
960 2268 977 2297 l.
989 2268 1116 2304 Quintil.
1131 2270 1169 2302 ll,
1184 2271 1229 2303 15,
1243 2272 1281 2302 30
1294 2272 1391 2302 Meier
1405 2279 1435 2303 et
1448 2273 1639 2303 Schoemann
1652 2275 1763 2303 Attice.
1776 2285 1858 2312 proc.
1872 2285 1901 2313 p.
1915 2276 1978 2304 ⁷⁰¹1.
