2341 2888
1069 140 1122 186 21

225 261 344 295 rimum
374 260 496 295 fecisse
527 259 607 302 mihi
637 259 797 294 videatur.
843 259 916 294 Iam
943 272 985 293 ex
1016 258 1149 303 multis,
1183 258 1241 306 qui
1270 271 1289 292 a
1318 260 1486 295 veteribus
1515 260 1742 306 grammaticis
1772 257 1966 305 Thucydidi

225 329 463 371 praeceptores
494 329 528 357 et
556 321 768 369 eloquentiae
797 328 831 357 et
859 321 1093 370 philosophiae
1115 321 1323 367 tribuuntur,
1353 322 1591 370 philosophum
1614 322 1856 370 Anaxagoram
1877 321 1965 357 eele-

224 387 407 421 berrimum
435 386 529 419 illum
558 384 693 431 quidem
723 384 973 419 Clazomenium
1001 386 1103 419 affero
1135 392 1168 420 et
1192 385 1455 431 Antiphontem,
1487 385 1621 433 Sophili
1645 387 1768 430 filium,
1791 387 1963 420 Rhamnu-

225 449 329 492 sium,
361 445 501 483 alterum
529 453 670 494 propter
699 443 859 493 ἀθεότητα
889 449 995 495 patria
1019 449 1212 496 expulsum,
1245 448 1382 482 alterum
1406 455 1546 496 propter
1570 449 1777 496 optimatium
1800 448 1961 492 studium,

225 524 327 558 quum
354 510 637 545 Lacedaemonios
666 510 894 545 coniuratione
917 512 1024 555 sacta,
1057 518 1234 558 postquam
1262 512 1302 544 dc
1334 512 1589 546 Atheniensium
1612 513 1760 546 exercitu
1783 513 1819 546 in
1841 511 1962 546 Sicilia

153 577 156 580 ”
225 574 268 608 ad
289 573 552 607 internecionem
574 572 683 605 deleto
706 572 841 606 nuntius
863 573 1015 607 Athenas
1038 574 1155 607 allatus
1178 580 1246 616 est,
1271 586 1439 608 arcessere
1462 575 1642 618 voluisset,
1668 575 1755 609 inter
1778 575 1856 610 illos
1880 586 1960 621 qua-

225 636 423 682 dringentos
438 636 486 677 ³⁷)
521 635 721 669 damnatum.
766 636 917 670 Marcell.
947 637 1005 671 vit.
1036 636 1141 671 Thuc.
1173 640 1204 682 δ.
1234 639 1279 670 22
1306 634 1424 683 ἤκουσε
1456 637 1491 673 δὲ
1521 635 1723 673 διδασκάλων
1752 633 1960 682 Ἀναξαγόρου

225 699 283 746 μὲν
306 700 338 734 ἐν
359 704 431 740 τοῖς
452 695 653 744 φιλοσόφοις,
675 695 762 741 ὅθεν,
785 699 881 745 φησιν
892 696 1078 742 Ἄντυλλος,
1100 700 1156 735 καὶ
1178 698 1271 741 ἄθεος
1292 696 1397 746 ἠρέμα
1420 701 1583 747 ἐνομίσθη,
1605 703 1669 747 τῆς
1690 702 1805 736 ἐκεῖθεν
1828 700 1961 745 θεωρίας

225 762 430 808 ἐμφορηθείς,
452 757 656 806 Ἀντιφῶντος
682 761 717 796 δὲ
741 758 892 807 ῥήτορος,
916 764 1015 797 δεινοῦ
1038 759 1098 807 τὴν
1122 760 1291 808 ῥητορικὴν
1315 759 1428 807 ἀνδρός
1448 767 1517 798 κτλ.
1540 770 1573 797 et
1596 763 1802 809 Thucydidis
1825 763 1893 796 vita
1914 762 1957 796 ah

223 836 392 871 anonymo
423 823 539 870 script.
570 825 602 869 §.
633 824 731 869 2³⁸).
783 824 938 871 Quantus
968 824 1094 871 ingenii
1123 825 1302 872 splendor,
1333 832 1519 872 quantaque
1548 825 1704 872 egregiae
1733 824 1958 872 Antiphontis

225 887 435 934 eloquentiae
458 887 567 932 gloria
590 887 679 920 inter
701 887 791 920 cives
814 887 932 930 fuerit,
966 887 1032 921 iam
1061 901 1102 921 ex
1135 901 1174 921 co
1205 888 1365 933 colligere
1389 889 1532 934 poteris,
1563 887 1654 935 quod
1675 902 1750 922 eum
1774 901 1875 934 quum
1897 900 1958 934 pu-

223 951 312 985 blice
342 951 415 997 ipsc
445 950 589 993 diceret,
624 951 837 985 vehementer
868 951 1057 992 metuebant
1087 952 1349 998 vcrehanturque
1372 952 1616 996 Athenienses,
1651 965 1760 998 neque
1789 951 1956 986 immerito

225 1026 300 1048 cum
329 1020 470 1060 propter
499 1002 655 1058 magnam
678 1013 806 1063 ingenii
837 1013 903 1048 vim
930 1013 965 1047 in
988 1014 1113 1048 orando
1136 1014 1349 1061 conspicuam
1374 1021 1443 1048 tum
1474 1021 1612 1061 propter
1635 1015 1789 1049 eximiam
1812 1014 1957 1061 prudeu-

224 1076 305 1111 tiam
335 1075 466 1109 civilem
494 1075 702 1119 ‚,Nestoris“
731 1076 865 1109 nomine
896 1076 937 1109 ab
968 1076 1157 1121 aequalibus
1187 1083 1238 1111 est
1270 1083 1415 1111 ornatus.
1472 1077 1635 1122 Magister
1661 1077 1774 1123 itaque
1807 1077 1957 1123 philoso-

225 1139 324 1185 phiae
348 1139 491 1184 contigit
514 1138 705 1184 Thucydidi
728 1138 827 1181 idem,
852 1138 908 1184 qui
931 1138 1067 1171 Pericli.
1112 1139 1208 1172 Unde
1234 1140 1355 1172 factum
1379 1145 1447 1181 est,
1471 1145 1507 1172 ut
1530 1152 1630 1185 quum
1652 1139 1890 1185 Anaxagoram
1903 1139 1956 1183 ²⁹)

225 1202 311 1235 sicut
334 1201 419 1235 alios
443 1202 477 1235 id
500 1201 617 1235 aetatis
642 1201 879 1247 philosophos,
908 1201 998 1247 quod
1022 1201 1063 1235 de
1087 1201 1161 1235 Diis
1184 1202 1280 1236 aliter
1302 1215 1340 1236 ac
1362 1202 1481 1247 vulgus
1505 1202 1659 1242 sentiret,
1683 1208 1872 1236 accusatum
1899 1213 1957 1248 pa·

224 1265 355 1311 triaque
389 1264 567 1311 expulsum
600 1270 768 1298 constaret
802 1270 834 1298 et
866 1264 939 1310 ipsc
969 1264 1180 1310 Thucydides
1208 1277 1228 1298 a
1259 1265 1371 1298 multis
1406 1271 1511 1297 aetate
1543 1265 1786 1310 posterioribus
1817 1265 1852 1297 in
1882 1276 1956 1298 eam

226 1328 453 1374 suspicionem
475 1333 614 1361 vocatus
642 1327 701 1370 sit,
733 1333 769 1361 ut
790 1327 917 1361 nullum
939 1327 1074 1361 omnino
1098 1328 1205 1361 Deum
1228 1328 1410 1362 credidisse
1433 1334 1613 1373 putaretur.
1665 1328 1710 1361 Et
1733 1340 1813 1361 vero
1836 1339 1955 1361 eorum

225 1390 390 1437 imprimis
414 1390 578 1424 sententia
609 1391 674 1424 huc
703 1390 822 1424 referri
850 1390 998 1434 videtur,
1025 1390 1082 1437 qui
1110 1397 1305 1437 propterea,
1338 1391 1427 1437 quod
1450 1390 1662 1436 Thucydides
1685 1391 1777 1424 nullo
1801 1390 1853 1424 sui
1876 1389 1956 1424 libri
2019 1432 2022 1434 v

224 1454 301 1488 loco
326 1454 476 1488 Deorum
505 1454 551 1488 ita
581 1453 784 1488 mentionem
808 1453 923 1498 faciat,
951 1460 986 1488 ut
1013 1454 1118 1501 ipsius
1142 1455 1336 1488 sententiam
1360 1460 1391 1487 ct
1416 1452 1690 1487 existimationem
1713 1453 1755 1487 de
1777 1452 1854 1487 Diis
1875 1452 1956 1487 inde

225 1530 427 1563 pernoscas,
458 1517 570 1563 ipsum
594 1513 685 1553 ἄθεον
712 1517 817 1551 fuisse
840 1517 1024 1551 voluerunt.
1068 1517 1117 1550 At
1143 1529 1253 1550 rerum
1280 1523 1448 1562 gestarum
1478 1516 1651 1562 scriptoris
1678 1529 1746 1550 non
1776 1523 1845 1559 est,
1874 1516 1956 1562 quid

225 1579 268 1613 de
290 1579 365 1613 Deo
390 1579 579 1626 divinisque
602 1579 704 1613 rebus
727 1579 848 1613 sentiat
871 1579 982 1613 multis
1005 1579 1115 1613 verbis
1137 1579 1258 1613 iactare
1280 1592 1387 1626 neque
1409 1578 1581 1612 hominum.
1600 1578 1810 1624 opinionem,
1842 1591 1957 1625 quam-

223 1642 275 1676 vis
299 1642 341 1693 ab
364 1655 424 1675 sua
446 1643 553 1689 ipsius
575 1642 704 1676 ratione
729 1642 859 1676 divinae
881 1648 1017 1676 naturae
1033 1642 1189 1676 colendae
1207 1642 1393 1684 abhorreat,
1417 1641 1619 1686 arg-umentis
1642 1641 1754 1674 multis
1777 1641 1955 1675 afferendis

225 1705 434 1742 convincere.
488 1703 559 1740 Sed
581 1705 624 1739 ad
648 1706 734 1739 hanc
757 1705 798 1739 de
822 1705 1017 1751 Thucydide
1036 1704 1275 1751 suspicionem,
1309 1717 1406 1751 quam
1429 1717 1447 1737 a
1470 1703 1581 1737 multis
1602 1703 1683 1737 viris
1706 1704 1814 1738 doctis
1835 1703 1956 1738 admis-

225 1779 295 1800 sam
321 1779 390 1800 non
417 1767 559 1813 ignoro,
592 1767 823 1814 depellendam
848 1767 1117 1813 argumentisque
1144 1779 1184 1800 ex
1213 1766 1319 1813 ipsius
1350 1767 1435 1799 libro
1459 1766 1628 1798 sumendis
1651 1766 1841 1799 diluendam
1866 1778 1955 1799 nunc

222 1842 285 1864 nee
315 1830 410 1864 locus
439 1830 520 1863 mihi
548 1843 610 1864 nee
640 1830 745 1864 otium
774 1836 834 1864 est.
887 1831 941 1864 De
969 1830 1174 1876 Antiponte,
1210 1842 1277 1875 quo
1308 1828 1515 1874 eloquentiae
1546 1828 1707 1873 magistro
1739 1828 1954 1874 Thucydides

223 1903 305 1925 usus
329 1904 404 1925 esse
426 1892 534 1926 fertur
557 1905 625 1926 non
648 1892 693 1925 ita
716 1892 847 1938 pridem
869 1892 911 1926 C.
933 1892 1000 1926 W.
1022 1892 1197 1937 Rrfigcrus
1219 1904 1251 1925 v.
1275 1891 1316 1924 cl.
1342 1903 1408 1923 non
1431 1890 1530 1923 modo
1554 1890 1734 1932 dubitavit,
1762 1891 1842 1936 quin
1865 1890 1955 1923 Thu-

448 1981 490 2016 ¹⁷)
519 1981 615 2009 Thuc.
641 1982 732 2013 Vlll,
755 1981 874 2009 89-92.
912 1981 1017 2020 Lysias
1036 1981 1073 2008 de
1093 1981 1158 2007 olea
1177 1990 1252 2008 sacr.
1272 1983 1298 2014 §-
1317 1983 1342 2009 4.
1362 1979 1426 2007 adv.
1467 1980 1591 2016 Agorat.
1609 1982 1635 2013 S.
1654 1980 1680 2007 7.
1700 1980 1764 2006 adv.
1798 1980 1954 2007 Eratosth.

521 2037 557 2073 §.⁶
571 2037 616 2066 67.
645 2036 766 2075 Rriiger
785 2037 822 2065 ad
840 2036 964 2076 Dionys.
984 2040 1139 2065 comment.
1158 2045 1185 2074 p.
1205 2035 1268 2064 384.

446 2093 489 2128 ⁸⁸)
521 2093 561 2123 cf.
581 2094 803 2121 Wertermaun
823 2104 849 2121 v.
869 2094 906 2122 cl.
922 2093 959 2121 ad
978 2093 1058 2121 Plut.
1077 2092 1141 2120 vitt.
1160 2091 1188 2118 X
1209 2096 1297 2119 oratt.
1316 2101 1343 2129 p.
1363 2091 1389 2119 8.

446 2155 489 2192 ⁸⁹)
523 2156 604 2184 Plut.
624 2157 675 2184 vit.
695 2156 803 2185 Pei-iel.
823 2166 847 2185 c.
866 2157 911 2184 32.
942 2147 999 2183 καὶ
1027 2144 1182 2193 ψήφισμα
1209 2147 1375 2191 Διοπείθης
1405 2147 1556 2196 ἔγραψεν,
1592 2147 1848 2191 εἰσαγγέλλεσθαι
1877 2143 1957 2188 τούς

525 2207 570 2247 τοὶ
594 2215 662 2247 θεῖα
683 2207 728 2257 μὴ
752 2211 939 2257 νομίζοντας
959 2208 981 2257 ἦ
1006 2207 1119 2256 λόγους
1140 2208 1208 2254 περὶ
1238 2211 1301 2244 τῶν
1330 2209 1504 2255 μεταρσίων
1527 2206 1756 2253 διδάσκοντας,
1794 2205 1955 2255 ἀπερειδό-

527 2286 621 2318 μενος
640 2274 686 2314 εἶς
702 2275 863 2318 Περικλέα
885 2274 918 2309 δί
936 2270 1138 2318 Ἀναξαγόρου
1159 2268 1318 2307 ὑπόνοιαν.
1344 2293 1380 2298 -
1406 2280 1502 2307 Meier
1522 2284 1553 2307 et
1572 2279 1761 2307 Schoemaun
1782 2281 1874 2307 Attio.
1890 2288 1957 2316 pro-

523 2345 598 2365 cess.
617 2346 645 2373 p.
664 2337 720 2365 3⁰3
738 2346 822 2375 seqq.

1655 2411 1661 2416 .
1713 2387 1732 2414 6
