2259 2943
1116 168 1175 215 20

272 285 521 331 'Thucydides‘
511 297 546 319 m
571 286 689 332 quavis
711 298 824 321 rerum
847 288 1030 323 mutatione
1052 287 1151 320 simul
1174 298 1307 321 causam
1329 292 1363 320 et
1380 285 1587 333 principium
1601 292 1636 321 et
1653 285 1749 333 quasi
1766 285 1908 327 sontem,
1931 282 2021 338 'de

272 355 444 383 manarent
464 355 497 382 et
518 357 711 397 crescerent
730 350 826 397 ipsae
837 364 905 395 res,
930 349 1141 409 investigavit
1152 356 1197 394 et,
1213 349 1324 397 quoad
1338 348 1410 384 eius
1422 349 1535 385 faeere
1547 355 1676 398 posset,
1694 347 1881 385 certissime
1894 358 2021 394 coguo-

270 411 330 453 vit,
354 411 426 445 lieri
451 423 520 445 non
543 412 666 459 potuit,
690 413 771 460 quin
796 419 829 448 et
851 414 941 448 idem
962 405 1123 448 humanae
1142 413 1263 447 mentis
1285 413 1387 455 vires,
1411 412 1534 459 agendi
1556 412 1696 448 consilia
1719 424 1787 447 non
1806 411 1883 449 dico
1903 421 2020 447 eorum

270 477 418 516 tantum,
443 487 587 520 qnorum
614 488 669 509 res
691 483 845 520 enarrat,
869 478 929 512 scd
955 476 1061 512 omnis
1084 476 1222 511 omnino
1246 476 1380 510 humani
1404 475 1539 522 generis
1563 475 1697 523 penitus
1719 461 1899 523 perspsseta
1921 472 2021 508 habe·

270 543 331 570 ret.
384 536 448 570 Est
480 537 571 571 enim
605 539 770 585 quaedam
803 539 987 574 similitudo
1020 538 1172 585 quidem,
1203 551 1268 586 qua
1305 536 1422 573 om'nes
1452 538 1607 573 homines
1640 538 1686 572 ita
1719 538 1951 580 continentur,
1983 541 2020 570 ut

272 598 442 634 hominem
466 600 523 647 qui
546 600 675 647 cogitet
698 614 767 636 non
790 602 917 649 possit,
950 602 1029 649 quin
1056 600 1134 635 illos
1164 613 1293 644 mores,
1325 600 1453 644 studia,
1481 600 1683 647 cupiditates
1705 613 1771 634 una
1794 598 1963 646 concipiat
1985 604 2020 632 et

270 669 387 696 contra
411 663 469 709 qui
492 663 588 698 tollat
610 664 688 708 illa,
719 665 847 699 nullum
869 665 983 712 utique
1005 664 1171 698 homiuem
1193 664 1375 710 relinquat,
1404 669 1438 697 at
1469 663 1567 697 simul
1591 669 1642 697 est
1665 669 1756 697 tanta
1781 661 2020 696 dissimilitudo

271 737 310 759 ac
333 725 498 769 varietas,
523 732 559 760 ut
579 733 672 761 recte
694 740 800 774 neges
822 728 858 762 in
881 728 971 762 omni
994 728 1053 761 hac
1075 727 1246 761 hominum
1269 725 1486 760 universitate
1508 737 1709 772 quemquam
1730 737 1834 759 unum
1857 723 1952 758 alteri
1975 736 2019 758 ex

271 787 428 821 omnihus
452 789 605 834 partibus
628 801 745 836 parem
766 790 919 836 reperiri.
970 790 1124 835 Denique
1147 802 1216 823 non
1239 789 1339 822 modo
1363 788 1445 834 quid
1467 788 1591 833 singuli
1615 788 1780 841 homines,
1808 800 1851 823 ex
1875 799 2018 833 quorum

272 851 416 885 consilio
440 858 474 885 et
497 858 665 898 potestate
687 866 743 887 res
766 860 980 899 gererentur,
1010 852 1068 887 sed
1097 852 1178 900 quid
1206 850 1357 887 civitates
1380 850 1468 886 iuter
1489 863 1526 885 se
1550 850 1722 885 differrent
1745 848 1962 900 Thucydides
1984 854 2019 883 et

273 913 438 960 quaesivit
467 920 501 949 et
530 915 704 962 praeclare
733 916 779 951 ita
808 915 998 964 perspexit,
1025 921 1059 950 ut
1086 915 1167 963 quid
1198 911 1275 962 pro'
1291 926 1351 948 sna
1373 926 1526 961 quaeque
1548 913 1662 948 indole
1689 919 1723 947 et
1746 912 1940 947 conditione
1962 918 2019 946 aut

272 983 448 1022 appeteret
471 984 527 1012 aut
550 979 704 1013 reiiceret
726 980 826 1026 plane
846 979 985 1014 videret.
1035 979 1104 1013 Eic
1127 979 1222 1012 lo'cus
1245 991 1299 1013 me
1321 983 1522 1020 commonet,
1545 983 1582 1011 ut
1604 977 1805 1020 orationum,
1830 989 1913 1023 quas
1936 976 2019 1011 scri·

272 1046 352 1085 ptor
383 1040 418 1073 in
445 1053 558 1074 rerum
585 1048 756 1086 gestarum
779 1031 1215 1088 narrationisperpetuitate
1241 1026 1393 1082 inclinsit,
1425 1039 1628 1074 mentionem
1651 1040 1685 1074 in
1709 1046 1903 1074 transcursu
1927 1035 2019 1074 certe

274 1113 341 1135 uno
369 1102 473 1136 verbo
496 1103 635 1146 faciam,
669 1104 698 1138 si
721 1103 855 1150 quidem
880 1104 921 1137 de
944 1104 985 1138 iis
1007 1117 1060 1147 ea,
1092 1116 1157 1150 qua
1179 1115 1242 1150 par
1264 1109 1334 1146 est,
1358 1115 1438 1136 cura
1461 1115 1499 1136 ac
1522 1102 1696 1148 diligentia
1723 1102 1779 1148 agi
1802 1115 1870 1136 non
1895 1101 2018 1148 possit,

273 1164 339 1197 nisi
369 1177 432 1211 per
462 1165 665 1212 peculiarem
696 1166 923 1213 scriptionem.
970 1166 1009 1200 Iu
1036 1166 1077 1199 iis
1107 1166 1196 1200 enim
1225 1165 1309 1212 ipsis
1336 1165 1545 1199 orationibus
1574 1178 1644 1199 non
1673 1165 1839 1199 minorem
1869 1164 2018 1210 scriptor

273 1227 504 1272 prudentiam,
537 1240 603 1274 qua
631 1229 667 1262 in
694 1229 795 1263 rebus
821 1230 978 1275 gerendis
1007 1229 1135 1263 valebat
1162 1228 1326 1276 puhlicis,
1357 1241 1456 1275 qnam
1486 1227 1692 1274 singularem
1720 1241 1814 1262 suam
1844 1226 2039 1272 hominum·

272 1289 402 1324 animos
427 1296 460 1324 et
482 1303 593 1325 mores
617 1291 820 1338 depingendi
844 1292 1030 1326 facultatem
1053 1291 1200 1326 ostendit
1211 1292 1273 1333 Μ’).

403 1352 504 1387 Nunc
526 1366 592 1399 ego
616 1360 692 1388 ante
716 1367 813 1401 quam
837 1368 908 1389 rem
931 1355 1138 1402 propositam
1165 1354 1301 1401 longius
1325 1366 1511 1401 persequar
1539 1353 1661 1401 pedem
1691 1348 1865 1401 paifillum
1886 1354 2017 1388 referre

212 1433 216 1439 ·
272 1427 342 1449 non
370 1415 619 1450 incommodum
650 1417 774 1458 haheo,
808 1424 844 1452 ut
875 1418 1048 1462 nonnulla,
1087 1431 1172 1465 quae
1202 1429 1322 1452 causae
1353 1417 1591 1463 opportunitas
1620 1417 1763 1452 suadere
1786 1417 1939 1461 videtur,
1974 1417 2017 1452 dc

271 1477 482 1525 Thucydidis
505 1479 713 1514 institutione
735 1494 1048 1525 commemoremus,
1080 1482 1207 1529 quippe
1230 1493 1335 1528 quae,
1369 1486 1405 1514 ut
1427 1480 1462 1514 iu
1485 1479 1640 1514 omnihus
1663 1480 1800 1515 omniuo
1823 1479 2016 1515 hominihus

270 1553 426 1586 magnam
457 1542 500 1575 ad
524 1543 676 1576 animum.
692 1550 902 1590 mentemque
925 1544 1197 1578 conformandam
1225 1543 1293 1578 vim
1320 1543 1439 1585 habet,
1469 1543 1518 1577 sic
1545 1543 1581 1577 in
1604 1542 1803 1590 Thucydide
1831 1544 1874 1578 ad
1900 1543 2015 1590 singu·

269 1603 359 1645 lare,
385 1617 452 1650 quo
474 1611 591 1639 natura
615 1605 689 1651 ipsa
712 1612 782 1640 erat
810 1606 1008 1650 instructus,
1030 1607 1158 1653 ingenii
1182 1618 1321 1641 acumen
1343 1611 1377 1640 et
1399 1605 1611 1639 excitandum
1633 1611 1666 1640 et
1689 1600 1844 1640 alendum
1865 1606 1918 1641 vel
1942 1606 2016 1654 plu·

569 1687 636 1716 dem
657 1687 825 1716 Charakter
845 1688 907 1717 und
927 1689 981 1717 der
1000 1689 1079 1728 Lage
1099 1690 1153 1719 des
1175 1688 1384 1719 ludividuum
1402 1687 1466 1716 und
1485 1687 1571 1717 ihrer
1589 1688 1792 1727 Eiuwirkung
1811 1689 1869 1719 auf
1883 1690 1943 1719 den
1962 1690 2015 1719 all-

568 1745 728 1780 gemcinen
751 1744 900 1776 lust-nd,
921 1745 1034 1773 welche
1053 1746 1139 1774 seine
1158 1744 1435 1774 Aufmerksamkeit
1455 1745 1547 1772 allein
1566 1745 1598 1774 in
1616 1746 1780 1784 Anspruch
1799 1748 1933 1776 nimmt.“

492 1798 534 1833 ⁸⁰)
566 1799 672 1837 Begcl.
694 1799 868 1838 Philosoph.
889 1801 944 1829 der
963 1801 1070 1830 Gesch.
1089 1811 1117 1840 p.
1137 1802 1164 1830 5.
1193 1800 1337 1834 „Wssren
1356 1809 1421 1828 nuu
1441 1799 1545 1828 solche
1565 1799 1688 1834 Redeu,
1713 1801 1773 1830 wie
1792 1812 1818 1831 z.
1839 1802 1873 1831 Β.
1892 1802 1942 1832 die
1961 1803 2016 1833 des

566 1855 719 1887 Perimes,
739 1856 792 1884 des
813 1856 1091 1894 ticl'gehildctsten,
1113 1857 1285 1889 echtesten‚
1306 1856 1444 1884 edelsten
1459 1855 1683 1890 staats-annu,
1706 1857 1785 1886 auch
1803 1868 1874 1888 vom
1892 1858 2015 1899 Thuky-

566 1910 651 1938 didcs
677 1911 918 1949 ausgearbeitet,
945 1921 978 1939 so
1004 1912 1071 1941 sind
1090 1912 1134 1940 sic
1154 1912 1231 1940 doch
1251 1912 1319 1943 dem
1339 1911 1476 1940 Perikles
1496 1911 1581 1940 nicht
1599 1912 1729 1956 i'rqidst⁴
1766 1914 1834 1952 Ego
1855 1924 1928 1944 vero
1946 1915 2015 1944 illas

565 1966 719 1995 orationes
745 1967 783 1995 ad
801 1977 873 1995 eam
899 1967 1111 1996 sublimitatem
1137 1967 1409 2006 incredibilemque
1439 1968 1529 1996 animi
1559 1969 1766 1999 excelsitatem
1794 1980 1811 1998 a
1836 1970 2016 2011 Thucydide

567 2022 632 2060 ipso
651 2031 788 2061 magnam
807 2023 929 2061 quidem
948 2027 1062 2061 partem
1079 2032 1147 2051 esse
1164 2022 1316 2061 perfectas
1333 2023 1421 2068 haud·
1434 2023 1610 2052 dubitanter
1629 2025 1839 2054 contenderim
1854 2026 1897 2054 ita
1914 2020 2017 2061 umen

566 2083 600 2106 ut
627 2078 841 2115 cogitationem
868 2080 934 2108 eins
962 2080 1011 2106 cui
1036 2088 1177 2120 quaeque
1202 2079 1305 2108 hahita
1324 2080 1496 2113 tribuatur,
1524 2081 1656 2110 retineat
1673 2081 1839 2110 historicus
1858 2086 2015 2121 totamque

566 2135 697 2163 oratoris
716 2135 807 2163 animi
828 2135 960 2164 indolem
980 2135 1094 2164 referat
1113 2135 1153 2164 cf.
1172 2135 1268 2164 Thue.
1288 2135 1312 2168 Ι,
1333 2135 1379 2165 22.
1404 2152 1440 2158 —
1467 2135 1586 2164 Deinde
1604 2136 1684 2166 idem
1705 2137 1813 2176 flegel.
1834 2137 1883 2167 his
1911 2137 2016 2167 verbis

565 2191 681 2229 pergit:
701 2191 757 2224 „ln
777 2191 882 2220 diesen
902 2191 1007 2220 Reden
1026 2191 1177 2230 sprecheu
1196 2191 1279 2220 dieze
1297 2191 1465 2220 menschen
1481 2192 1530 2220 die
1546 2192 1677 2222 Maxi-e
1692 2193 1776 2222 ihre·
1785 2193 1911 2227 Volhes,
1929 2194 2016 2223 ihrer

567 2249 678 2286 eignen
705 2247 964 2280 Persiinlichkeit‚
990 2248 1040 2276 das
1066 2247 1260 2276 Bewustsein
1286 2248 1371 2277 ihrer
1395 2247 1579 2286 politischen
1597 2248 1828 2283 Verhntnisse,
1851 2250 1911 2279 wie
1929 2250 2016 2280 ihrer

568 2303 724 2332 sittlichen
751 2303 813 2331 und
839 2304 988 2341 geistigen
1008 2303 1121 2337 Natur‚
1148 2303 1198 2332 die
1217 2303 1409 2332 Grundsfitze
1428 2303 1513 2332 ihrer
1532 2303 1660 2334 Zwecke
1678 2304 1743 2333 und
1762 2304 2015 2343 Handlungswei·

564 2369 618 2387 scn
645 2364 729 2387 aus.“
