2279 2826
1093 1077 1100 1084 .
1125 1076 1132 1084 .
1154 1044 1170 1084 ὃ
1195 1048 1381 1095 Σιμωνίδης
1402 1046 1463 1095 τήν
1486 1049 1543 1096 μὲν
1566 1049 1751 1096 ζωγραφίαν
1773 1048 1869 1094 ποίη-

998 1115 1046 1138 σιν
1078 1103 1250 1137 σιωπῶσαν
1284 1099 1537 1148 προςαγορεῦων,
1571 1100 1633 1150 τὴν
1668 1103 1704 1138 δὲ
1737 1102 1867 1147 ποίησιν

996 1156 1180 1201 ζωγραφίαν
1202 1158 1371 1191 λαλοῦσαν.
1395 1153 1437 1197 ἃς
1457 1154 1520 1202 γσὶρ
1544 1158 1576 1192 οἱ
1596 1153 1761 1202 ζωγράφοι
1782 1151 1866 1200 πρά-

996 1209 1061 1251 ξεις
1090 1206 1136 1250 ὦς
1162 1210 1331 1254 γινομένας
1361 1207 1550 1253 δεικνύουσι,
1580 1207 1708 1251 ταύτας
1728 1209 1760 1245 oc
1779 1204 1870 1254 λόγοι

996 1264 1208 1309 γεγενημένας
1232 1265 1416 1308 διηγοῦνται
1435 1263 1492 1299 καὶ
1514 1260 1756 1310 συγγράφουσιν.
1779 1263 1810 1299 εἰ
1831 1261 1867 1298 δὲ

997 1317 1028 1351 οἱ
1055 1316 1112 1363 μὲν
1140 1313 1291 1362 χρώμασι
1316 1317 1373 1352 καὶ
1402 1314 1580 1364 σχήμασιν,
1614 1318 1646 1352 οἷ
1672 1317 1707 1352 δὲ
1731 1312 1869 1362 ὀνόμασι

998 1369 1055 1404 καὶ
1074 1369 1180 1411 λέξεσι
1202 1371 1310 1405 ταῦτα
1332 1372 1491 1415 δηλοῦσιν,
1509 1368 1571 1416 ῧλῃ
1591 1367 1796 1417 καίτρὸποις
1818 1383 1869 1415 μι-

1000 1434 1129 1467 μησεως
1162 1424 1258 1468 διαρέ
1243 1435 1355 1467 ιρουσι·
1402 1424 1496 1465 τὲλος
1533 1424 1568 1459 δὲ
1603 1419 1799 1469 ἀμφοτέροις
1834 1425 1868 1459 ἓν

995 1488 1102 1510 omn&
1098 1488 1177 1518 ,τα-7,
1208 1489 1265 1510 καὶ
1291 1479 1354 1511 τῶν
1378 1477 1543 1522 ἷπΟρικων
1566 1489 1743 1522 >cmxv-&00
1766 1491 1781 1512 0
1805 1473 1865 1522 Τὴν

998 1526 1128 1574 διηγησι
1128 1544 1144 1563 ›
1173 1543 1278 1574 ωσπερ
1306 1544 1434 1576 γραφην
1463 1527 1579 1566 πάθεσι
1607 1529 1666 1565 καὶ
1686 1544 1870 1575 προσωποις

998 1579 1257 1628 εἰδωλοποιησας.

1098 1636 1250 1664 Plutarch.
1272 1636 1309 1664 de
1329 1637 1412 1664 Glor.
1433 1637 1546 1665 Athen.
1570 1641 1640 1665 tom.
1662 1638 1699 1665 11.
1720 1646 1785 1675 pag.
1805 1637 1869 1665 am

1101 1684 1147 1711 ed.
1166 1684 1208 1711 10.
1228 1684 1283 1711 lac.
1306 1684 1428 1710 Reiskii.

122 1823 318 1917 Quintus,
343 1857 377 1890 ni
402 1857 513 1900 fallor,
539 1856 659 1890 abhinc
682 1856 756 1902 ipse
781 1869 887 1889 annus
911 1862 974 1899 est,
1000 1868 1100 1901 quum
1125 1855 1166 1888 ab
1180 1855 1371 1900 Herodoto,
1395 1856 1555 1890 historiae
1580 1863 1689 1903 patre,
1715 1857 1757 1891 ad
1781 1857 1873 1891 Thu-

121 1921 276 1967 cydidem
301 1932 342 1954 co
368 1919 509 1953 consilio
534 1920 675 1965 gradum
700 1919 792 1962 feci,
810 1926 859 1962 ut,
883 1916 1112 1965 quibuscum
1101 1931 1168 1950 lam
1191 1924 1266 1952 ante
1289 1918 1548 1952 familiaritatem
1572 1919 1717 1966 aliquam
1740 1926 1872 1954 contra-

121 1983 258 2025 xissem,
282 1995 371 2016 nuuc
394 1984 456 2016 hos
481 1982 664 2027 scriptores
690 1982 777 2015 inter
809 1994 846 2015 se
878 1980 1081 2015 conferendo
1108 1980 1189 2034 quid
1211 1987 1352 2026 uterque
1374 1981 1409 2014 in
1433 1988 1504 2015 arte
1526 1982 1686 2016 historica
1709 1982 1873 2029 profecis-

122 2050 173 2079 set
197 2045 382 2079 accuratius
412 2056 511 2090 quam
540 2050 635 2078 antea
669 2054 921 2089 cognoscerem.
973 2043 1013 2077 ln
1042 2042 1212 2076 Herodoti
1245 2043 1379 2089 quidem
1409 2044 1518 2078 Musis
1545 2044 1737 2081 lectitandis
1769 2058 1872 2092 quum

122 2120 234 2142 rerum
249 2132 260 2152 ,
291 2119 374 2154 quas
404 2119 466 2154 per
495 2112 609 2154 partes
641 2119 718 2141 suas
753 2113 830 2153 apte
860 2106 1039 2153 dispositas
1068 2105 1102 2138 in
1126 2106 1344 2152 ordinemque
1375 2106 1520 2152 aliquem
1549 2107 1702 2142 redactas
1726 2114 1871 2150 enarrat,

122 2183 250 2204 summa
273 2170 431 2204 varietate
455 2170 639 2212 detinebar,
662 2175 733 2203 tum
756 2170 918 2203 orationis
942 2168 1136 2202 suavissima
1157 2169 1336 2202 dulcedine
1372 2169 1541 2215 animique
1565 2171 1712 2204 candore
1734 2171 1811 2216 capi
1834 2183 1873 2204 ac

93 2239 97 2243 ·
123 2233 264 2267 deleniri
287 2233 368 2267 mihi
392 2232 539 2267 videbar.
583 2232 633 2267 At
652 2246 733 2267 vero
764 2233 806 2266 de
835 2231 1032 2277 Thucydide
1062 2231 1137 2276 quis
1166 2237 1237 2274 est,
1271 2230 1328 2277 qui
1359 2244 1395 2266 se
1423 2231 1468 2266 ita
1500 2232 1674 2278 negotium
1697 2233 1874 2280 peregisse

122 2295 227 2339 dicat,
259 2302 316 2339 ut,
350 2295 501 2343 quamvis
524 2308 651 2330 summa
674 2308 750 2330 cum
774 2307 853 2329 eura
877 2307 915 2329 ac
939 2293 1111 2339 diligentia
1135 2293 1238 2327 semel
1262 2294 1450 2340 iterumque
1474 2295 1676 2341 perlegerit,
1701 2296 1766 2330 sibi
1790 2296 1875 2329 nihil

1628 2358 1643 2383 l
