2279 2826
1018 140 1065 186 11

174 260 257 304 ρέσει
277 272 314 295 τε
337 254 434 306 ὁμοίᾳ
456 256 635 305 ἐχρησαντο
657 260 727 305 περὶ
748 257 808 306 τὴν
831 258 966 308 ἐκλογὴν
989 262 1054 297 τῶν
1081 256 1270 302 ὖπῶέσεων,
1302 258 1376 298 καὶ
1387 256 1539 307 δυνάμεις
1569 274 1603 296 ου
1633 256 1712 296 πολυ
1738 273 1771 296 τι
1799 261 1910 307 διαφε-

174 334 293 368 ρουσας
314 322 408 368 ἔσχον
430 317 593 370 ἀλληλων,
619 322 651 358 οἱ
671 323 748 385 μὲν
749 336 813 366 τας
829 320 1029 371 Ἑλληνικας
1052 319 1291 370 ἀναγράφοντες
1313 323 1472 368 ιστορίας,
1497 325 1529 359 οἱ
1550 324 1586 359 δὲ
1607 321 1672 366 τοὶς
1694 322 1910 370 βαρβαρικὰς,

171 385 230 420 καὶ
251 381 357 427 αυτοὶς
377 386 415 421 δὲ
435 382 562 427 ταύτας
582 399 617 421 ου
639 370 852 428 συνάπτοντες
873 383 1046 433 α’λληλαις,
1076 383 1162 422 ἀλλὰ
1189 382 1261 421 καθ’
1287 388 1357 432 ἔθνη
1381 387 1439 422 καὶ
1468 385 1558 422 κατσὶ
1584 384 1692 429 πόλεις
1713 389 1911 433 διαιροῦντες

169 447 228 484 καὶ
248 448 346 496 χωρις
366 444 512 497 α’λληλων
536 450 738 496 ἐκφέροντες,
762 450 820 486 ἕνα
839 450 898 486 καί
917 447 972 486 τὸν
997 446 1093 486 αυτὸν
1114 445 1331 496 φυλάττοντες
1352 445 1488 492 σκοπόν,
1495 463 1586 486 οσαι
1607 447 1795 493 διεσωζοντο
1819 446 1910 495 παρὰ

134 519 141 525 ·
169 516 240 552 τοῖς
263 513 443 557 ἐπιχωρίοις
464 514 590 557 μνῆμαι
609 509 699 547 κατὰ
719 515 790 558 ἔθνη
814 514 872 548 καὶ
891 510 982 548 κατοῖ
1003 511 1120 555 πόλεις,
1141 509 1196 547 εἴτ’
1219 515 1251 547 ἐν
1274 513 1368 557 ἱεροῖς
1389 509 1445 548 εἴτ’
1468 515 1500 548 ἐν
1517 511 1668 559 βεβήλοις
1687 510 1908 558 ἀποκείμεναι,

169 580 312 621 γραφαῖς
323 570 448 617 ταύτας
460 575 506 617 εἰς
517 571 577 622 τήν
588 571 696 622 κοινὴν
711 571 860 611 ἁπάντων
872 577 986 621 γνῶσιν
997 575 1177 621 ἐξενεγκεῖν,
1202 574 1273 616 οῖἀς
1294 576 1487 620 παρέλαβον,
1510 572 1594 622 μήτε
1614 577 1835 622 προστιθέντες
1852 571 1907 610 αὖξ

170 644 246 680 ταῖς
255 651 288 673 τι
299 635 374 684 μήτ’
388 634 604 685 ἀφαιροῦντες.
616 652 645 673 κ.
658 652 686 674 τ.
699 641 727 673 λ.
771 639 904 672 Horum
926 639 960 672 in
987 651 1158 672 numerum
1180 638 1347 672 referendi
1371 645 1448 672 sunt
1460 639 1648 673 Hecataeus
1660 641 1694 674 'et
1706 639 1907 686 Dionysius,

171 701 496 747 uterqueMilcsius,
521 700 655 735 Charon
681 701 942 747 Lampsacenus,
965 701 1118 735 Xanthus
1141 700 1269 746 Lydus,
1293 701 1491 735 Hellanicus
1506 701 1663 745 Lesbius,
1688 702 1907 748 Pherecydes

162 754 304 807 ⁹Lerius,
328 764 384 810 qui
408 764 515 810 prima
538 763 618 796 artis
641 763 819 797 historicae
842 764 936 796 initia
959 777 976 796 a
1002 764 1096 809 poesi
1121 764 1272 818 profecta
1296 770 1329 797 et
1353 777 1415 809 per
1438 764 1575 809 Cylieos
1601 765 1762 810 deinceps
1790 771 1907 810 poetas

170 826 213 860 ad
234 839 346 861 rerum
370 832 537 873 gestarum
561 826 805 860 enarrationem
828 825 998 873 paullatim
1021 826 1157 873 delapsa
1181 825 1225 859 ita
1249 826 1461 867 exercebant,
1486 832 1538 870 ut,
1562 827 1713 873 quamvis
1735 827 1907 861 etiamtum

170 896 342 936 poetarum
365 889 573 935 vestigiis-et
597 889 660 936 ipsi
683 889 836 936 plerique
858 902 974 923 omnes
1006 889 1226 934 ingrediendo
1256 890 1386 922 fabulas
1414 890 1574 935 plurimas
1606 903 1728 936 casque.
1757 903 1908 923 nonnun-

170 965 268 998 quam
297 952 521 998 ineptissimas
550 952 731 998 antiquitus
761 965 820 986 ore
848 958 974 986 tantum
1004 952 1141 986 traditas
1164 952 1271 985 literis
1294 952 1468 985 mandasse
1491 959 1603 986 essent
1627 953 1773 986 conteuti
1799 965 1907 998 neque

171 1015 350 1062 quidquam
373 1015 443 1049 fere
467 1014 531 1048 nisi
556 1015 688 1061 mythos
711 1014 809 1048 altius
832 1020 866 1048 et
889 1014 1036 1048 severius
1060 1014 1168 1048 soluta
1191 1014 1342 1048 oratione
1361 1020 1652 1060 persequerentur,
1678 1022 1788 1048 tamen
1807 1021 1907 1049 mate-

169 1077 252 1110 riam
274 1078 372 1110 huius
394 1077 528 1123 generis
553 1090 664 1110 rerum
688 1083 721 1110 ct
744 1078 875 1123 copiam
897 1078 1098 1110 uberrimam
1121 1078 1303 1110 secundum
1333 1078 1433 1110 urbes
1464 1084 1497 1110 et
1525 1078 1670 1123 populos
1703 1078 1905 1123 descriptam

169 1147 408 1186 congererent,
439 1140 527 1174 unde
556 1140 613 1186 qui
642 1140 800 1186 deinceps
832 1139 967 1174 easdem
995 1138 1222 1185 suscepissent
1259 1145 1369 1186 partes
1403 1152 1515 1174 rerum
1548 1139 1732 1186 scriptores
1767 1139 1906 1186 largiter

168 1202 328 1237 haberent
350 1203 441 1249 quod
462 1209 642 1246 sumerent,
666 1209 699 1237 et
722 1202 788 1249 ipsi
812 1215 879 1249 quo
904 1202 1045 1249 quisque
1068 1214 1183 1236 eorum
1205 1202 1314 1236 acrius
1338 1208 1371 1236 et
1395 1203 1561 1246 subtilius,
1587 1203 1668 1249 quid
1681 1216 1797 1237 verum
1816 1210 1906 1236 esset

169 1265 248 1310 quid
271 1265 378 1298 minus
401 1265 514 1298 videre
537 1251 694 1311 possent,
717 1277 758 1298 eo
782 1264 921 1310 peritius
943 1277 982 1298 ac
1005 1264 1202 1310 prudentius
1226 1265 1358 1298 easdem
1382 1277 1437 1298 res
1460 1265 1502 1298 de
1523 1265 1657 1310 integro
1686 1272 1906 1300 retractantes

169 1326 385 1373 explicarent.
438 1327 543 1373 Quod
565 1338 674 1360 meum
696 1326 854 1360 iudicium
878 1332 914 1360 ut
936 1326 978 1360 dc
1000 1326 1156 1359 universo
1181 1339 1297 1360 eorum
1319 1339 1443 1371 genere
1466 1339 1580 1360 verum
1599 1314 1672 1368 est,
1703 1341 1771 1361 non
1795 1328 1840 1361 ita
1864 1326 1906 1361 de

168 1389 309 1434 singulis
336 1390 424 1423 iden·
449 1390 571 1423 factum
595 1389 706 1424 velim.
768 1385 840 1423 Sed
871 1389 950 1435 quid
982 1389 1024 1422 de
1053 1401 1167 1422 eorum
1199 1401 1400 1435 unoquoque
1430 1389 1567 1426 sentiam
1596 1402 1698 1435 quum
1729 1390 1782 1424 hic
1811 1403 1907 1424 accu-

167 1451 270 1485 ratius
294 1464 464 1498 exponere
488 1465 555 1486 non
583 1452 699 1494 liceat,
730 1451 924 1494 Hecataeo,
956 1463 1055 1497 quem
1085 1451 1239 1497 equidem
1265 1463 1366 1484 unum
1395 1441 1509 1484 eorum
1541 1451 1689 1485 omnium
1718 1452 1905 1498 principem

169 1516 272 1556 duco,
304 1516 473 1562 paululum
504 1522 594 1549 certe
624 1515 785 1548 institisse
814 1528 882 1548 non
913 1514 1056 1548 alienum
1083 1514 1123 1548 ab
1154 1527 1195 1548 eo
1222 1514 1296 1548 sore
1324 1520 1426 1560 puto,
1460 1514 1550 1560 quod
1572 1515 1783 1561 probandum
1808 1516 1906 1550 nobis

168 1575 418 1625 proposuimus,
441 1578 476 1612 id
501 1584 562 1622 cst,
587 1584 623 1612 ut
648 1578 728 1624 quid
751 1577 785 1611 in
809 1577 998 1624 explicandi
1015 1589 1070 1610 res
1089 1583 1202 1622 gestas
1221 1583 1292 1611 arte
1311 1576 1525 1623 Thucydides
1548 1578 1708 1621 effecerit,
1733 1587 1905 1625 appareat.

147 1642 374 1690 'Hecataeum
396 1641 611 1687 Hegcsandri
635 1641 818 1685 filiumffl),
848 1653 946 1687 quem
967 1635 1163 1674 Herodotus
1193 1640 1269 1685 (ll,
1296 1642 1370 1673 143.
1394 1639 1443 1680 V,
1467 1642 1523 1683 36,
1552 1642 1636 1685 125)
1664 1641 1729 1685 ita,
1760 1648 1795 1676 ut
1824 1642 1907 1676 Hel-

168 1704 310 1738 lanicum
344 1703 558 1748 Thucydides
590 1704 647 1746 (l,
679 1707 744 1746 97)
780 1704 906 1749 carpit,
941 1716 1008 1736 non
1038 1703 1144 1735 minus
1174 1709 1314 1748 propter
1343 1715 1504 1736 summam
1530 1704 1666 1749 generis
1698 1704 1908 1739 nobilitatem

167 1765 319 1809 (Herod.
343 1765 391 1809 ΙΙ,
416 1767 499 1810 143)
521 1771 554 1799 ct
577 1777 660 1811 opes
683 1765 772 1816 haud
794 1764 950 1810 exiguas,
974 1777 1072 1812 quam
1095 1770 1235 1810 propter
1258 1764 1461 1810 praeclaram
1484 1766 1682 1799 eruditionis
1705 1772 1738 1799 et
1763 1767 1908 1812 pruden-

143 1828 232 1863 0tiae
255 1828 362 1863 civilis
385 1827 527 1874 gloriam
551 1840 624 1861 cum
647 1828 737 1874 apud
759 1828 849 1862 cives
873 1840 952 1861 suos
975 1839 1101 1861 summa
1124 1827 1278 1860 floruisse
1301 1827 1463 1872 dignitate
1484 1829 1748 1874 auctoritateque
1760 1830 1815 1873 2Ι)
1838 1836 1907 1863 tum

390 1935 430 1971 ²⁰)
464 1935 588 1962 Clinton
607 1934 675 1962 fast.
694 1934 766 1962 hell.
787 1935 833 1962 cd.
852 1933 974 1971 Rriigcr
992 1944 1021 1971 p.
1036 1934 1099 1962 382.
1117 1949 1154 1954 -
1177 1933 1239 1961 loh.
1262 1933 1369 1962 matth.
1389 1933 1531 1962 Schultz:
1554 1936 1726 1972 Apparatus
1737 1936 1775 1964 ad
1786 1938 1908 1964 Annall.

201 2003 222 2025 ς
465 1990 540 2019 Crit.
562 2000 638 2019 rerr.
657 2000 754 2029 graec.
773 1990 893 2028 specim.
913 1990 952 2022 n,
969 2000 997 2028 p.
1007 1989 1053 2018 21.
1073 1993 1107 2010 4-
1126 1988 1263 2017 Creuzer
1283 1988 1382 2027 Frgm.
1403 1994 1476 2018 vett.
1497 1989 1620 2018 historr.
1633 2000 1661 2028 p.
1674 1990 1700 2020 4.
1739 1991 1810 2026 Quo
1827 2001 1908 2020 anino

463 2051 552 2074 natus
577 2046 617 2074 sit
640 2046 824 2078 Hecataeus,
851 2055 1031 2083 quamquam
1056 2046 1173 2073 nullum
1200 2045 1406 2073 testimonium
1432 2051 1546 2077 exstat,
1573 2047 1654 2074 haud
1680 2047 1721 2075 ita
1741 2049 1872 2076 multum
1892 2059 1908 2076 a

462 2112 535 2131 vero
555 2102 727 2131 Larchcrus
747 2101 853 2130 abesse
875 2102 1011 2134 videtur,
1040 2101 1091 2138 qui
1111 2109 1179 2129 cum
1203 2101 1301 2129 lucem
1320 2101 1513 2138 conspexisse
1534 2101 1600 2130 fere
1622 2101 1671 2131 01.
1690 2103 1737 2135 57,
1756 2103 1792 2142 Ἀ
1811 2108 1909 2141 putet,

462 2168 553 2196 quem
575 2158 704 2186 cundem
723 2167 836 2186 aunum
856 2161 888 2186 et
901 2157 1028 2186 Schultz
1046 2157 1066 2185 1.
1086 2155 1110 2184 c.
1129 2158 1239 2200 statuit
1256 2161 1288 2184 et
1303 2156 1448 2185 Creuzer.
1486 2157 1633 2186 Ceterum
1649 2159 1730 2187 conf.
1745 2159 1868 2187 Suidam
1886 2171 1909 2187 s.

457 2210 648 2253 Ἑκαταῖος.

389 2277 430 2313 ¹¹)
466 2277 577 2305 Herod.
599 2276 642 2307 V,
661 2276 714 2307 36,
734 2275 796 2303 124.
816 2280 905 2303 uatus
927 2275 1006 2303 cirea
1028 2274 1246 2312 quinquaginta
1267 2284 1362 2302 anuos
1379 2274 1477 2304 tuisse
1501 2275 1623 2304 videtur
1643 2276 1830 2309 Hecataeus,
1859 2277 1909 2305 ubi

465 2333 542 2362 hanc
561 2342 649 2370 quam
669 2331 707 2359 ab
726 2340 763 2360 eo
778 2331 887 2360 dictam
906 2329 995 2359 affert
1006 2329 1181 2358 Herodotus
1201 2330 1381 2358 sententiam
1401 2330 1481 2358 tulit.
1500 2330 1581 2359 conf.
1601 2331 1739 2369 inprimis
1761 2332 1910 2371 fragmen-
