2171 2826
160 256 323 304 temporis
352 255 516 301 angustiis
545 256 660 302 potui,
692 257 976 302 exspectationem
1003 257 1147 291 babeant
1175 269 1259 290 neve
1288 257 1409 298 iidem,
1441 269 1543 302 quum
1573 258 1813 302 cog-noverint,
1845 269 1908 302 spe

160 319 275 355 nescio
306 331 372 365 qua
400 324 526 352 temere
554 324 719 365 concepta
746 319 867 353 deiecti
899 319 1047 366 iniquius
1077 319 1119 354 de
1148 319 1189 353 iis
1219 325 1251 353 et
1282 319 1451 360 severius,
1490 332 1590 366 quam
1623 321 1657 354 in
1691 319 1908 354 tumultuaria

159 393 274 416 earum
295 380 488 423 conditione
510 393 652 427 aequum
676 381 739 425 sit,
769 381 928 416 iudicium
951 381 1094 425 faciant,
1122 382 1156 415 id
1179 394 1253 415 eum
1279 381 1395 427 primis
1419 394 1486 426 ego
1509 382 1671 417 monitum
1698 381 1818 424 velim,
1853 394 1906 415 me

160 443 296 489 quidem
325 455 394 476 non
422 455 482 486 eo,
516 443 607 489 ‹Juod
634 456 653 477 a
684 443 881 489 quibusda-
911 444 1030 478 initum
1057 444 1227 486 videmus,
1258 444 1402 477 consilio
1433 445 1496 477 hoe
1527 445 1698 478 scribendi
1730 445 1905 489 negotium

159 505 370 551 suscepisse,
400 511 437 540 nt
459 505 608 539 literulas
633 506 881 552 qualescunque
904 506 1109 541 venelitatem
1131 513 1188 540 aut
1210 505 1401 553 exemplum
1426 505 1593 540 facultatis
1617 506 1771 553 aliquod,
1804 519 1904 553 quam

159 568 201 602 ad
223 567 457 614 explicandum
481 567 711 613 Thucydidem
734 568 814 602 mibi
836 581 1103 614 comparassem,
1135 580 1386 614 expromerem,
1416 568 1477 602 sed
1505 580 1577 602 eam
1606 569 1721 615 potius
1746 582 1799 603 me
1822 570 1902 603 mihi

157 629 267 676 legem
291 630 469 677 scripsisse
493 630 703 677 primariam,
737 636 772 665 ut
795 630 1054 678 discipulorum,
1086 643 1227 678 qnorum
1252 621 1415 666 honarum
1437 631 1609 666 literarum
1631 631 1769 674 studiis,
1800 644 1903 678 quau-

157 697 228 726 tum
257 692 292 726 in
321 705 374 726 me
405 699 511 736 esset,
543 692 816 739 prospiciendum
844 705 919 727 esse
947 706 1083 739 semper
1105 694 1299 736 censebam,
1330 701 1363 728 et
1393 706 1481 727 nunc
1504 695 1566 727 bac
1588 694 1766 728 occasione
1789 702 1900 740 capta,

158 755 342 788 commodis
365 756 535 789 servirem.
587 756 664 802 Qua
696 762 836 801 propter
864 755 956 801 quod
978 756 1032 790 hie
1061 755 1102 790 de
1124 754 1322 802 Thucydide
1345 756 1654 791 commentariolum
1676 769 1695 790 a
1719 757 1902 791 eommuni-

157 815 220 850 bus
243 816 484 862 elegantior-um
507 816 679 850 hominum
708 817 827 850 studiis
856 829 924 850 uon
955 817 1039 851 adeo
1070 817 1214 851 alienum
1242 830 1351 863 neque
1378 818 1413 850 id
1442 823 1510 850 tam
1538 818 1638 862 plene
1662 825 1901 864 pertractatum

157 885 191 913 et
213 880 399 922 subtiliter,
430 893 529 925 quam
553 880 740 914 summatim
764 880 967 914 ct-hreviter
989 880 1215 926 conscriptum
1240 880 1384 926 protuli,
1415 881 1479 914 hoc
1502 893 1544 914 an
1568 880 1675 915 lector
1697 881 1795 927 aequi
1817 882 1898 916 honi

155 941 255 978 faeiat
278 941 508 978 dubitaverim.
554 941 688 990 Quodsi
711 953 776 988 ego
799 953 854 976 res
877 941 1054 976 nonnullas
1077 942 1147 976 sive
1171 941 1306 976 brevius
1331 942 1508 989 scripsisse
1531 942 1602 976 sive
1619 943 1726 976 levius
1745 944 1899 989 attigisse

155 1006 247 1039 visus
264 1019 335 1048 ero,
362 1018 460 1052 quam
483 1011 539 1038 aut
555 1005 717 1038 dubitatio
741 1018 791 1046 ea,
816 1018 901 1051 quae
925 1006 959 1038 in
984 1006 1103 1038 iisdem
1117 1006 1226 1038 adhue
1240 1007 1468 1047 adhaerescat,
1494 1013 1550 1039 aut
1566 1006 1673 1051 ipsius
1688 1006 1898 1052 Thucydidis

156 1068 301 1115 dignitas
323 1082 392 1103 non
414 1067 554 1102 suadere
584 1067 645 1102 scd
676 1067 847 1114 postulare
869 1067 1038 1112 videatur,
1068 1080 1128 1102 oro
1158 1067 1319 1103 lectorem
1346 1079 1498 1115 rogoque
1527 1074 1566 1102 ut
1596 1080 1638 1102 ne
1669 1068 1898 1116 negligentiae

154 1132 209 1166 vel
231 1132 404 1166 socordiae
428 1131 463 1164 id
489 1131 614 1164 tribuat
643 1142 755 1173 meae,
778 1131 838 1164 sed
867 1130 899 1164 ei
921 1131 1151 1165 huiuscemodi
1183 1131 1289 1165 libelli
1312 1131 1514 1174 conditioni,
1532 1118 1634 1177 ‘quae
1659 1132 1764 1165 multo
1788 1133 1897 1178 magis

154 1195 308 1228 brevitati
331 1207 431 1239 quam
456 1193 666 1239 amplitudini
688 1192 823 1227 studere
845 1199 954 1239 cogat.

283 1256 333 1289 At
356 1261 494 1302 quaerat
517 1254 592 1302 quis
616 1254 698 1302 quid
720 1254 820 1288 fucrit
843 1267 982 1297 causae,
1013 1261 1050 1289 ut
1071 1255 1304 1301 Thucydidem
1327 1256 1525 1301 praecipue,
1553 1256 1694 1289 arduum
1716 1256 1800 1289 illud
1825 1258 1897 1302 qui-

154 1319 230 1353 dem
258 1319 300 1351 ad
331 1318 464 1363 penitus
493 1318 748 1363 intelligendum
778 1330 881 1363 opuS,
917 1318 1051 1351 scholae
1084 1319 1116 1351 in
1148 1318 1276 1351 umbris
1307 1318 1527 1351 enarrandum
1556 1318 1636 1352 mihi
1669 1319 1896 1364 sumpserim?

155 1380 285 1420 Audio!
320 1380 398 1426 Ego
429 1392 508 1414 vero
541 1392 594 1414 mc
623 1392 757 1427 quoque
785 1379 860 1426 ipse
893 1379 1002 1414 fateor
1036 1380 1180 1427 primum
1210 1379 1462 1423 subdubitasse,
1496 1386 1679 1426 possentne
1710 1380 1745 1414 id
1776 1381 1896 1414 aetatis

154 1443 384 1478 adolescentes
415 1443 459 1476 ad
488 1442 630 1476 sublime
659 1442 869 1488 Thucydidis
896 1443 1067 1487 ingenium
1096 1443 1206 1476 auimo
1241 1450 1274 1476 et
1307 1443 1510 1488 cogitatione
1543 1428 1895 1489 comprehendendum

153 1505 290 1542 adduci„
327 1503 400 1539 Sed
429 1505 572 1539 eundem
599 1516 700 1550 quum
728 1504 848 1539 scirem
877 1504 913 1538 in
940 1505 1141 1551 scriptorum
1163 1505 1379 1539 classicorum
1402 1504 1523 1539 seriem
1546 1518 1682 1548 corum,
1716 1506 1771 1552 qui
1803 1506 1895 1540 dein—

152 1581 251 1615 ceps,
283 1580 347 1603 suo
374 1567 516 1613 quisque
544 1573 697 1613 tempore
729 1573 765 1601 et·
791 1567 927 1611 ordine,
958 1567 994 1601 iu
1023 1568 1080 1601 illa
1109 1568 1208 1601 classi
1240 1573 1440 1610 tractantur,
1472 1574 1644 1613 receptum
1672 1581 1748 1602 esse
1771 1575 1804 1602 et
1827 1568 1893 1614 ipsi

152 1631 308 1676 discipuli
331 1643 351 1664 a
373 1643 431 1665 me-
447 1630 635 1664 verecunde
657 1636 828 1676 poterent,
859 1636 896 1664 ut
926 1643 1025 1676 quem
1055 1630 1118 1663 iam
1141 1636 1217 1664 ante
1240 1644 1282 1664 ex
1301 1629 1430 1675 Mcycri
1457 1643 1487 1664 v.
1511 1643 1540 1664 c.
1563 1630 1678 1664 subtili
1697 1637 1797 1677 atque
1829 1631 1894 1665 cle—

151 1699 252 1739 ffaute
283 1692 558 1739 interpretatione
589 1692 743 1727 adamare
772 1687 984 1738 coepissent,
1021 1691 1251 1738 Thucydidem
1282 1698 1315 1726 et
1344 1692 1417 1738 ipsc
1447 1704 1512 1737 ego
1542 1693 1756 1738 expedirem,
1799 1693 1893 1726 nolui

150 1755 281 1798 faeere,
309 1761 346 1788 ut
376 1760 432 1787 aut:
461 1766 481 1787 a
508 1766 602 1788 more
632 1760 732 1800 atque
764 1755 916 1788 instituto
945 1767 1011 1799 ego
1042 1755 1199 1788 recedere
1222 1756 1355 1788 viderer
1379 1761 1435 1788 aut
1457 1755 1594 1788 illorum
1617 1756 1745 1800 probae
1767 1762 1801 1789 et
1825 1769 1894 1789 mo-

150 1817 264 1852 destae
287 1816 448 1851 ‘voltmtati
472 1829 525 1850 me
547 1816 653 1849 nimis.
671 1816 842 1851 difficilem
863 1817 1077 1862 praeberem,
1103 1830 1166 1851 nee
1197 1817 1269 1850 sine
1297 1817 1409 1863 aliquo
1439 1823 1474 1850 et
1501 1816 1716 1851 iucunditatis
1745 1824 1778 1851 et
1806 1818 1892 1851 utili-

148 1878 227 1914 tatis
256 1879 367 1912 fructu
395 1891 532 1925 operam
561 1879 667 1912 stiisse
697 1890 805 1912 meam
833 1891 886 1913 me
915 1885 1053 1913 eventus
1082 1879 1155 1924 ipse
1186 1880 1340 1913 docuisse
1364 1879 1504 1913 videtur.
1548 1879 1654 1924 Quod
1677 1885 1787 1912 autem
1812 1893 1893 1913 nou-

148 1942 232 1976 nulli
261 1941 464 1987 Thucydidii
492 1941 657 1975 sermonis
684 1940 915 1976 difficultatem
944 1947 1128 1988 queruntur
1156 1948 1257 1988 atque
1286 1942 1497 1976 insolentium
1526 1940 1599 1976 cius
1626 1941 1786 1976 maiorem
1816 1954 1893 1977 csse

149 2004 370 2046 arbitrantur,
403 2017 501 2050 quam
532 2016 617 2050 quae
643 2003 693 2046 ei,
724 2016 790 2049 qna
820 2004 892 2038 ei'us
919 2004 1036 2038 aetatis
1067 2004 1305 2038 adolescentuli
1334 2005 1451 2038 imbuti
1476 2017 1551 2038 csse
1574 2004 1722 2047 soleant,
1757 2004 1894 2050 linguae

149 2080 290 2114 graecae
324 2066 482 2102 scientiae
512 2066 809 2113 exercitationique
840 2073 918 2112 apta
947 2066 1114 2110 videatur,
1152 2079 1268 2101 eorum
1302 2066 1499 2100 sententiam
1532 2066 1611 2100 licet
1645 2066 1798 2112 pluribus
1828 2067 1894 2102 hoe

148 2130 225 2164 loco
248 2130 447 2176 impugnare
470 2129 594 2173 nolim,
623 2128 704 2176 quin
728 2141 794 2175 ego
818 2129 954 2175 quidem
977 2141 1098 2176 sequar
1121 2141 1221 2163 unam
1243 2129 1359 2162 saltem
1383 2141 1516 2162 cansam
1540 2129 1691 2162 attulisse
1715 2136 1895 2163 contentus

148 2205 240 2236 sum,
266 2204 351 2238 quae
374 2205 474 2227 eausa
496 2204 571 2226 eum
594 2192 630 2226 in
653 2204 770 2227 omnes
793 2191 971 2233 classicos,
996 2204 1082 2237 quos
1105 2191 1237 2234 dieunt,
1262 2192 1446 2237 scriptores
1469 2192 1566 2225 cadat
1575 2192 1628 2234 ²),
1655 2198 1725 2225 tum
1751 2191 1895 2226 maxime

371 2274 398 2311 ⁸)
445 2274 544 2312 Hegcl
564 2269 702 2302 Ksthetik
722 2283 749 2311 p.
768 2273 838 2302 525:
858 2273 954 2306 „wie
974 2273 1028 2301 mit
1048 2274 1113 2301 dem
1135 2274 1360 2302 menselulictwu
1381 2272 1500 2311 lion-per
1523 2273 1585 2301 und
1601 2274 1710 2301 «tossen
1733 2274 1895 2302 Ausdruek

446 2320 566 2349 vcrhilt
590 2329 622 2349 es
645 2320 710 2348 sich
730 2329 794 2348 nun
813 2319 891 2348 auch
909 2320 963 2348 mit
985 2319 1045 2347 den
1064 2320 1291 2348 mensehlichrn
1311 2320 1573 2357 Emplindungen,
1594 2320 1745 2351 'Tr-ichen,
1765 2320 1895 2350 Tbaten.
