2341 2888
1068 137 1119 185 17

208 257 298 294 clidis
320 255 544 299 imitationem
566 255 804 300 contulissent,
835 256 918 292 adeo
942 256 1048 304 inepti
1072 262 1204 301 essent,
1229 261 1266 290 ut
1289 268 1388 302 quem
1411 268 1514 303 prava
1537 257 1759 292 aemulatione
1785 263 1820 292 et
1843 255 1965 292 vitiosa

209 326 378 356 certantes
404 319 541 354 vincere
563 331 631 353 non
652 319 859 373 potuissent,
886 320 917 354 ci
941 313 1131 354 obtrectnfe
1161 325 1261 366 atque
1291 319 1362 352 eius
1393 325 1498 353 artem
1526 319 1741 373 historicam,
1771 319 1963 364 consilinm,

210 384 358 420 studium
392 383 585 429 vituperare
619 396 717 429 quam
751 383 927 426 laudibus,
964 384 1086 430 quibus
1116 383 1239 429 dig-nus
1267 390 1318 417 est
1346 379 1583 429 Thucydides,
1618 385 1781 419 extollere
1814 383 1963 418 mallent.

181 448 186 453 ”
211 444 285 490 Sed
315 445 407 493 quod
417 444 560 485 ,Cicero
589 445 725 493 scripsit
757 456 824 480 non
855 458 930 480 esse
959 445 1016 493 qui
1049 443 1221 492 Scipionis
1252 444 1424 491 ingenium
1454 444 1616 480 imitando
1646 446 1779 494 assequi
1804 451 1959 493 possent,

210 509 335 544 Officc.
361 508 437 551 111,
473 511 510 551 1,
535 508 570 542 id
592 508 767 543 Ciceronis
794 509 919 552 dictum
942 509 984 541 iis
1007 508 1060 541 vel
1086 509 1229 541 maxime
1251 508 1407 541 convenit
1432 508 1489 553 qui
1511 508 1759 554 Thucydidium
1784 508 1960 554 ingeniu-

209 585 312 620 quum
334 584 403 606 non
427 571 589 606 haberent
611 571 712 606 iidem
739 570 810 621 eius
834 577 938 606 artem
961 571 1090 605 referre
1114 570 1182 605 suis
1206 569 1341 617 scriptis
1364 570 1548 605 studerent.
1590 570 1656 605 His
1680 571 1723 606 de
1746 570 1958 606 aemulatori·

210 635 274 670 bus
296 634 473 668 verissime
497 633 636 668 Lucian.
659 634 701 667 de
729 634 806 680 hist.
839 633 1006 667 conscrib‚
1030 645 1084 682 cp.
1113 633 1204 668 XV:
1221 632 1280 667 καὶ
1309 629 1371 677 γοὶρ
1395 627 1436 668 αὖ
1469 633 1576 679 inquit
1605 633 1663 668 καὶ
1690 635 1787 669 τοῦτο
1809 634 1959 675 eunuco<

207 695 288 735 πολι)
319 699 374 733 νῦν
407 696 492 740 ἐστὶ,
522 693 560 732 τὸ
590 698 711 732 οἴεσθαι
739 698 819 732 τοῦτ
841 693 921 732 εἶναι
941 702 1012 738 τοῖς
1035 696 1231 732 Θουκυδίδου
1255 692 1385 731 ἐοικότα
1407 697 1525 741 λέγειν,
1554 697 1584 732 εἰ
1603 692 1705 742 σ’λίγον
1729 698 1891 742 ἐντρέψας
1911 693 1958 732 τὰ

208 756 305 798 αὐτοῦ
339 759 459 796 ἐκείνου
488 760 574 805 λέγοι
600 772 652 802 τις
680 755 781 806 μικρὰ
809 753 947 795 κάκεῖνα
977 754 1042 795 οὐδ’
1074 753 1199 795 ἀκούειν
1222 755 1307 805 ἡδέα
1331 761 1486 804 (secutus
1510 771 1582 793 sum
1605 759 1641 793 in
1663 759 1715 794 his
1738 758 1955 806 proferendis

208 824 433 859 coniecturam
456 822 655 865 Hermanni,
679 834 781 867 quum
803 828 951 857 extrema
973 822 1088 865 verba,
1112 835 1196 868 qnae
1220 822 1353 871 quidem
1377 822 1475 855 codd.
1500 822 1669 865 exhibent,
1693 830 1792 868 quam
1811 822 1956 868 maxime

204 886 318 922 vitiata
341 885 439 931 sint).
483 883 623 932 Optime
646 885 735 920 enim
759 885 901 931 Dionys.
921 884 1037 925 Halic.
1061 891 1121 919 art.
1152 886 1278 919 rhetor.
1303 884 1346 919 X.
1378 887 1430 919 19.
1463 897 1496 931 p.
1519 886 1586 919 ³94
1613 884 1669 919 ed.
1694 884 1821 920 Reiske
1853 884 1954 931 μίμη-

209 961 261 990 σις
284 945 364 994 γὰρ,
397 947 522 994 inquit,
558 943 594 983 οὔ
622 948 739 993 χρῆσίς
748 949 841 1004 ἐστι
868 949 933 982 τῶν
960 944 1202 993 διανοημάτων,
1238 943 1306 982 ἀλλ’
1333 941 1357 993 ᾗ
1385 943 1538 992 ὁμολογία
1558 949 1622 982 τῶν
1643 948 1780 992 καίριον,
1809 948 1956 992 ἔντεχνος

209 1011 444 1058 μεταχείρησις.
487 1010 533 1044 Et
554 1010 629 1057 ipse
652 1010 774 1044 Cicero
797 1010 1052 1044 aemulationem
1082 1023 1218 1056 pravam
1250 1010 1341 1044 illam
1372 1010 1525 1056 quidem,
1559 1023 1644 1056 quae
1666 1023 1735 1044 non
1758 1015 1954 1044 cerneretur

207 1074 272 1108 nisi
295 1073 330 1107 in
353 1072 477 1116 verbis,
501 1072 668 1119 vituperat
690 1072 787 1107 Orat.
811 1075 845 1106 9.
891 1069 1126 1119 „Thucydidis
1145 1084 1244 1107 nemo
1259 1085 1367 1119 neque
1385 1072 1563 1106 verborum
1583 1085 1691 1119 neque
1709 1072 1952 1106 sententiarum

208 1136 404 1183 gravitatem
430 1135 596 1179 imitatur,
621 1135 682 1170 sed
705 1147 806 1182 quum
829 1135 944 1170 mutila
967 1135 1129 1182 quaedam
1153 1141 1186 1170 et
1207 1135 1332 1169 hiantia
1355 1135 1456 1169 locuti
1480 1142 1573 1177 sunt,
1601 1148 1686 1182 quae
1708 1135 1761 1169 vel
1790 1135 1864 1169 sinc
1884 1147 1954 1169 ma·

210 1199 317 1245 gistro
349 1199 461 1232 facere
483 1203 683 1245 potnerunt,
719 1210 899 1244 genuanoa
928 1211 965 1232 se
993 1204 1111 1244 putant
1141 1210 1216 1232 esse
1238 1197 1492 1244 Tbucydidas.“
1539 1198 1667 1232 Verum
1691 1198 1780 1232 enim
1803 1192 1885 1231 v'ero
1907 1209 1951 1232 ex

208 1261 275 1297 illis
303 1260 457 1295 omnibus
487 1273 585 1294 nemo
611 1272 697 1294 unus
726 1266 795 1303 est,
825 1260 882 1307 qui
910 1260 946 1294 in
974 1260 1339 1306 Thucydidis·gloriae
1371 1261 1563 1294 societatem
1586 1261 1788 1294 admittatur.
1834 1260 1953 1306 Atque

208 1335 274 1369 ego
297 1322 463 1356 neminem
480 1322 554 1356 fore
572 1321 728 1366 arbitror,
751 1322 821 1369 qui,
845 1334 947 1370 quum
964 1321 1195 1368 Thucydidem
1219 1306 1519 1356 nommembratim
1539 1322 1728 1368 misereque
1750 1321 1951 1365 mutilatum,

208 1386 286 1420 hine
314 1385 407 1419 illinc
435 1391 592 1431 tanquam
622 1384 781 1429 flosculos
813 1397 954 1431 carpens
987 1397 1025 1418 ac
1056 1385 1224 1427 delibans,
1259 1385 1319 1418 sed
1348 1385 1514 1430 integrum
1542 1391 1579 1419 ut
1610 1398 1672 1431 par
1700 1391 1752 1418 est
1781 1385 1824 1418 ab
1853 1383 1951 1418 initio

209 1459 317 1496 usque
346 1447 389 1482 ad
416 1447 516 1482 finem
546 1459 647 1494 saepe
677 1453 711 1482 et
740 1447 919 1494 diligenter
941 1447 1212 1494 pertractaverit‚
1228 1453 1398 1482 -aceurate
1420 1447 1554 1494 cognita
1577 1454 1649 1482 arte
1672 1447 1762 1482 illins
1785 1445 1952 1481 excussis-

209 1523 274 1558 que
304 1510 404 1545 etiam
433 1500 482 1543 iis'
506 1509 619 1544 multis
647 1516 681 1544 et
707 1509 839 1556 mag-nis
870 1510 1067 1554 virtutibus,
1100 1523 1183 1556 quae
1211 1510 1355 1556 primum
1379 1511 1452 1544 fere
1481 1511 1675 1557 adspectum
1699 1510 1850 1556 fugiant,
1881 1521 1951 1543 non

208 1572 369 1620 suspiciat
398 1572 597 1607 acerrimum
619 1573 691 1607 eius
713 1573 886 1619 ingenium
909 1585 1014 1620 aeque
1038 1586 1076 1607 ae
1099 1580 1259 1608 summam
1282 1573 1364 1607 artis
1387 1573 1566 1608 historicae
1590 1572 1764 1620 peritiam,
1799 1585 1865 1619 qua
1894 1585 1950 1606 res

209 1648 272 1683 per
298 1635 375 1670 illos
396 1632 489 1670 'belli
517 1635 794 1682 peloponnesiaci
820 1634 906 1670 XXI
928 1648 1033 1670 annos
1055 1642 1166 1682 gestas
1190 1635 1451 1670 luculentissime
1475 1635 1654 1683 explicavit
1677 1641 1711 1670 et
1733 1636 1950 1669 humanarum

205 1705 318 1731 rerum
340 1703 491 1730 naturam
516 1709 555 1730 ac
577 1698 825 1731 vicissitudines
847 1698 894 1731 ita
916 1698 1106 1738 delineavit,
1124 1704 1164 1730 ut
1188 1695 1415 1743 cuiuscunque
1437 1698 1654 1744 reipublicae,
1678 1698 1784 1736 totius
1809 1697 1947 1742 generis

207 1759 341 1800 humani
364 1759 531 1794 fortunam
555 1772 764 1806 cognoscere
784 1759 884 1795 nobis
906 1756 1078 1795 §videamur
1089 1760 1148 1801 ⁸⁰).
1199 1759 1273 1795 Nec
1301 1760 1384 1795 mira
1413 1760 1566 1807 cuiquam
1596 1761 1651 1795 illa
1681 1759 1848 1795 absolutio
1872 1772 1950 1805 per-

207 1820 376 1868 fectioque
397 1821 505 1854 videri
525 1826 656 1868 potest,
679 1832 788 1868 neque
810 1821 899 1854 enim
921 1821 1031 1855 nudus
1053 1821 1095 1855 ab
1117 1821 1183 1854 nlla
1206 1827 1301 1868 parte
1323 1821 1388 1855 iste
1411 1828 1467 1855 aut
1489 1822 1626 1855 inermis
1649 1821 1683 1855 in
1706 1820 1865 1854 historiae
1885 1826 1950 1854 sta-

207 1885 299 1942 dium
321 1885 555 1927 descenderat,
581 1885 683 1926 immo
707 1886 877 1919 enimvero
900 1886 943 1918 iis
965 1886 1087 1930 opibus
1110 1886 1222 1919 multis
1245 1887 1370 1930 optime
1394 1887 1593 1926 instructus,
1624 1900 1707 1930 qnos
1730 1886 1787 1917 vix
1809 1885 1845 1917 in
1867 1898 1950 1929 qno-

421 1993 474 2028 .⁸⁰)
505 1993 600 2022 Recte
619 1993 794 2023 Roscherus
812 1994 846 2022 in
866 1993 947 2022 libro
966 2004 1059 2031 supra
1076 1995 1096 2022 1.
1115 2004 1142 2030 p.
1160 1994 1207 2022 21.
1228 1994 1329 2026 „Wer
1347 1994 1454 2022 wiirde
1473 1995 1538 2022 sich
1558 1994 1803 2032 im'l'bukydides
1823 1994 1876 2021 fiir
1895 1993 1949 2020 das

503 2047 783 2077 llinundherreden
805 2048 922 2087 einiger
943 2047 1045 2087 lingst
1070 2046 1287 2077 verstorbener
1313 2047 1527 2076 Marlttredncr
1551 2048 1615 2077 und
1641 2048 1829 2087 lla-iptleute
1855 2047 1949 2076 inter-

505 2105 632 2136 essiren,
651 2115 742 2133 wenn
765 2115 798 2134 es
816 2098 1097 2134 diesem‘Riinstler
1116 2096 1205 2141 nicht,
1218 2106 1372 2142 gelnngen
1391 2109 1493 2136 ννὸη,
1515 2106 1568 2133 das
1587 2105 1874 2142 Hauptsfiehlichste
1893 2105 1950 2132 der

504 2168 620 2209 gangen
648 2159 856 2194 menschen,
884 2159 943 2189 wie
969 2169 1002 2189 es
1027 2170 1066 2189 zu
1091 2160 1171 2188 allen
1195 2158 1303 2188 Zeiten
1329 2164 1421 2189 unter
1446 2159 1528 2188 allen
1553 2159 1691 2189 volkern
1720 2159 1784 2188 und
1809 2159 1842 2187 in
1867 2158 1949 2188 allen

503 2216 626 2244 nen-zen
650 2216 870 2248 wiederkehm
900 2217 933 2244 in
960 2217 1027 2244 sein
1055 2215 1199 2244 Gemilde
1228 2226 1440 2244 zzzzzzzzzz
1441 2216 1598 2253 dringen?
1634 2216 1732 2244 seder
1757 2215 1886 2243 Dte-nach
1913 2231 1950 2236 —

501 2269 592 2310 jeder
613 2257 765 2311 gebildete
785 2270 912 2301 Mensch
935 2274 1018 2311 trigt
1043 2271 1132 2301 einen
1154 2269 1254 2300 lileon
1273 2271 1337 2301 und
1358 2271 1448 2301 einen
1469 2270 1622 2305 Porinos,
1648 2271 1738 2300 einen
1758 2269 1860 2300 Nikias
1887 2270 1950 2299 und

504 2329 593 2356 einen
612 2328 785 2355 Alkibiades
804 2343 842 2349 —
860 2328 892 2355 in
910 2328 1013 2355 seiner
1031 2329 1141 2365 eignen
1159 2328 1248 2356 Seele
1271 2328 1483 2355 beisammen.“

1691 2382 1710 2410 5
