2259 2943
1125 140 1179 188 18

276 271 373 306 qnam
407 257 471 291 nisi
508 269 648 303 perraro
683 262 735 291 tot
760 263 937 304 tantasque
969 258 1012 292 ita
1048 269 1113 292 uua
1149 257 1343 292 coniunctas
1378 257 1621 303 deprehendas.
1672 257 1806 292 Etenim
1838 258 1880 304 ad
1906 257 2027 302 iudicii

276 334 440 357 summum
463 332 623 376 acumen,
653 332 721 366 quo
751 326 912 367 quantum
940 319 1079 355 valuerit
1102 320 1144 354 ὰ
1167 319 1258 354 omni
1282 319 1355 353 eius
1378 319 1467 354 libro
1491 327 1649 367 apparet,
1680 327 1713 355 et
1742 320 1784 355 ad
1814 320 2025 368 prudentiam

276 385 482 431 singularem
510 389 630 416 cuneta
660 383 718 417 illa
747 389 886 417 externa
917 389 1127 417 accesserunt
1155 383 1325 426 subsidia,
1364 395 1448 428 quae
1477 383 1505 416 si
1536 396 1592 417 res
1621 389 1734 429 gestas
1768 383 1959 418 sciscitandi
1990 390 2025 419 et

276 445 445 482 scribendi
470 445 582 479 studio
607 451 640 479 et
664 445 847 480 industriae
870 451 1113 492 suggeruntur,
1145 451 1305 491 quantum
1328 451 1442 491 potest
1466 445 1608 480 maxime
1636 446 1824 493 institutum
1853 459 1939 494 opus
1968 447 2025 481 ad·

277 511 391 544 iuvant
402 509 465 550 81).
501 507 655 541 Marcell.
671 507 728 541 vit.
742 507 849 541 Thuc.
864 510 896 552 §.
910 510 954 541 ²0
965 510 1074 543 τοῦτον
1089 507 1126 542 δὲ
1136 504 1195 542 τὸν
1208 509 1344 542 πλοῦτον
1355 528 1369 533 -
1380 503 1440 542 οὔκ
1454 508 1500 548 εἰς
1524 505 1647 553 τρυφὴν
1664 504 1844 553 ἀνήλισκεν,
1860 505 1945 545 οἶλλοὶ
1965 506 2025 555 πρὸ

276 574 334 608 τοῦ
350 571 654 615 Πελοποννησιακοῦ
677 571 818 616 πολέμου
837 567 893 605 τὸν
912 567 1046 616 πόλεμον
1060 569 1220 615 αἰσθηθεὶς
1242 574 1396 604 κινεῖσθαι
1417 571 1585 614 μέλλοντα,
1606 566 1817 615 προελόμενος
1840 567 2027 616 συγγράψαι

278 632 394 676 αὖτὸν,
416 639 550 678 παρεῖχε
571 629 678 668 πολλοὶ
698 639 769 674 τοῖς
790 629 953 679 Ἀθηναίων
977 629 1191 677 στρατιώταις
1212 631 1270 668 καὶ
1290 638 1361 673 τοῖς
1380 620 1642 677 Δακεδαιμονίων
1668 631 1726 667 καὶ
1747 635 1879 674 πολλοῖς
1901 629 2024 676 ἄλλοις,

276 699 329 734 ἳνα
358 693 586 741 ἀπαγγέλλοιεν
620 690 707 742 αὐτῷ
736 697 914 743 βουλομένῳ
937 691 1124 741 συγγράφειν
1146 692 1191 730 τά
1210 691 1360 740 γινόμενα
1381 691 1471 729 κατὰ
1492 691 1603 739 καιρὸν
1626 694 1684 729 καὶ
1703 691 1859 740 λεγόμενα
1881 696 1914 730 ἐν
1936 691 2024 744 αὐτῷ

275 764 322 809 τῷ
347 760 487 806 πολέμῳ.
511 764 561 791 etz
584 760 667 792 πᾶσι
689 764 854 803 παρεῖχεν,
882 759 919 793 ἐκ
946 760 1008 804 τῆς
1032 759 1095 792 τῶν
1125 759 1249 792 πολλῶν
1280 757 1468 802 συμφωνίας
1498 753 1676 802 θηρώμενος
1698 754 1760 802 τὴν
1785 759 1849 803 τῆς
1872 754 2025 804 ἀληθείας

277 819 480 868 κατάληψινῖ
530 821 630 867 Quae
654 833 756 867 quum
780 821 824 854 ita
849 821 916 854 sint
938 820 1168 866 Thucydides,
1201 819 1286 853 sieut
1309 819 1383 865 ipse
1406 825 1509 859 totam
1532 831 1595 865 per
1618 818 1718 852 vitam
1741 818 1870 861 (Tlnue.
1894 820 1943 864 V,
1966 823 2022 856 26.

277 888 306 929 1,
328 864 383 919 2l.
404 887 459 918 22.
482 887 548 926 23)
572 896 738 916 summum
762 871 925 926 studium{
956 896 1111 929 operam,
1134 882 1261 927 ingenii
1288 895 1448 928 summam
1473 881 1694 925 alacritatem,
1725 882 1964 927 cogitationem
1987 884 2023 919 in

279 948 458 997 proposito
482 960 600 981 severe
625 946 819 993 peragendo
842 945 931 990 fixit,
955 946 1030 980 item
1054 945 1195 989 librum,
1225 957 1323 992 quem
1347 943 1501 1007 scripv‘b
1527 943 1705 979 destinavit
1727 943 1769 978 iis
1793 951 1941 991 tantum,
1966 947 2023 994 qui

279 1019 313 1047 et
335 1012 401 1058 ipsi
426 1000 528 1057 quum
552 1010 774 1042 maturitatem
796 1009 909 1042 iudicii
933 1009 997 1042 sihi
1026 1009 1113 1041 haud
1143 1008 1345 1041 mediocrem
1374 1014 1548 1054 parassent
1580 1008 1638 1052 (I,
1662 1011 1727 1052 22)
1756 1015 1827 1042 tum
1858 1010 2022 1044 acerrimo

280 1076 362 1121 quid
392 1075 426 1107 in
455 1086 588 1119 quaque
616 1086 653 1106 re
682 1085 798 1106 verum
827 1071 1055 1117 sincerumque
1083 1076 1172 1117 esset
1199 1070 1428 1117 perspiciendi
1457 1070 1569 1104 studio
1599 1076 1713 1105 esseut
1743 1071 1883 1106 incensi.
1929 1072 2022 1119 Qua·

281 1143 422 1184 propter
446 1147 515 1169 nou
543 1134 729 1168 mirandum
752 1140 822 1178 est,
850 1134 940 1181 quod
962 1146 1197 1180 nonuunquam
1225 1145 1328 1179 parva
1354 1139 1568 1179 posterorum
1591 1139 1625 1166 et
1647 1133 1759 1167 ieiuna
1781 1141 1941 1181 expertus
1964 1136 2022 1169 ille

280 1198 416 1245 ingenia
446 1209 687 1243 saepenumero
716 1197 957 1242 reprehensus,
987 1196 1118 1242 saepius
1147 1208 1266 1242 parum
1296 1202 1348 1229 est
1378 1196 1569 1241 intellectus
1583 1197 1643 1237 θ’).
1696 1197 1742 1230 Et
1765 1209 1847 1231 voro
1873 1199 2022 1232 muneris

280 1263 331 1297 sui
356 1267 469 1308 partes
493 1259 538 1294 ita
560 1259 720 1306 explevit,
744 1265 780 1293 ut
805 1271 822 1292 a
838 1259 1011 1295 temeraria
1032 1258 1089 1292 illa
1111 1258 1267 1292 laudandi
1290 1258 1533 1304 rcprehendivc
1559 1258 1741 1305 cupiditate
1766 1272 1871 1306 aeque
1893 1260 2022 1295 alienus

279 1336 391 1357 rerum
415 1322 662 1358 vicissitudines
689 1333 731 1354 ex
757 1313 928 1354 hominuni
950 1321 1073 1365 ingenii
1097 1321 1368 1353 dissimilitudine
1392 1322 1496 1354 multo
1522 1334 1621 1366 quam
1644 1322 1820 1368 quisquam
1844 1329 1923 1368 post
1945 1336 2022 1358 eum

279 1385 467 1420 evidentius
492 1384 676 1430 explicaret
688 1384 748 1424 ³³).
794 1383 864 1417 lam
889 1383 929 1417 ab
953 1383 1026 1429 ipso
1051 1383 1162 1417 statim
1186 1382 1282 1418 initio
1304 1382 1384 1417 belli
1407 1381 1536 1435 (Thu-c.
1555 1383 1585 1427 l,
1608 1385 1638 1418 1.
1660 1383 1813 1419 Marcell.
1834 1385 1891 1420 vit.
1911 1385 2020 1421 Time.

277 1452 308 1494 §.
333 1451 416 1490 47),
445 1446 535 1493 quod
560 1452 592 1478 et
617 1445 806 1479 diuturnum
831 1452 863 1478 et
886 1446 927 1478 ab
950 1445 1036 1483 omni
1061 1452 1157 1491 parte
1181 1446 1415 1490 gravissimum
1438 1447 1512 1480 sore
1535 1447 1569 1480 iu
1596 1447 1707 1481 animo
1729 1454 1916 1493 spectaret,
1943 1461 2024 1483 eon·

278 1512 389 1545 silium
415 1508 583 1543 scribendi
610 1508 783 1554 amplexus
807 1515 840 1542 ct
863 1509 897 1542 iu
920 1509 984 1542 isto
1008 1521 1068 1542 sno
1092 1521 1196 1555 opere
1219 1515 1469 1543 monumentum
1492 1509 1527 1542 in
1551 1509 1700 1544 omnium
1723 1510 1932 1546 saeculorum
1954 1523 2022 1546 me·

277 1572 416 1607 moriam
442 1584 516 1604 sese
540 1570 751 1604 conditurum
775 1583 924 1617 sperans,
939 1583 1099 1604 summum
1117 1571 1264 1604 studium
1280 1571 1314 1603 in
1331 1583 1385 1604 res
1399 1584 1442 1604 ex
1458 1572 1643 1605 verissimis
1655 1573 1807 1606 sontibus
1820 1574 2018 1607 hauriendas

277 1636 419 1671 contulit
436 1635 497 1675 (es.
508 1635 614 1669 Marc.
627 1633 649 1667 Ι.
663 1646 690 1666 s.
703 1634 755 1677 1.),
781 1647 889 1680 neque
914 1634 1091 1680 quidquam
1114 1633 1258 1668 habebat
1281 1633 1449 1680 antiquius
1474 1647 1573 1681 quam
1587 1641 1623 1669 ut
1642 1635 1675 1669 in
1694 1647 1827 1683 quaque
1845 1649 1895 1680 re,
1919 1650 2021 1684 quam

275 1698 349 1733 aliis
365 1695 579 1743 narrantibus
592 1701 761 1741 acceptam
780 1697 932 1737 referret,
951 1696 1028 1742 quid
1046 1696 1117 1730 veri
1137 1696 1218 1742 quid
1237 1696 1408 1742 depravati
1431 1703 1521 1731 esset
1545 1697 1828 1744 circumspiceret.
1862 1699 2021 1745 Quacum-

275 1773 341 1807 que
365 1760 502 1806 qnidem
525 1758 559 1790 in
583 1764 654 1791 arte
677 1771 715 1790 ac
739 1759 915 1804 disciplina
938 1771 1009 1791 eam
1031 1758 1151 1794 mentis
1175 1758 1242 1792 vim
1265 1764 1364 1804 atquc
1389 1759 1423 1792 id
1447 1759 1575 1804 ingenii
1603 1772 1762 1804 acumen,
1789 1773 1856 1807 quo
1881 1762 1939 1809 qui
1958 1762 2022 1797 uti·

273 1830 329 1859 tur
352 1821 470 1869 qumis
494 1821 529 1854 in
556 1833 593 1855 re
618 1820 700 1867 quid
722 1833 836 1854 verum
862 1820 905 1854 sit
928 1821 1085 1867 indagare
1112 1821 1261 1864 studeat,
1285 1820 1453 1855 subtiliter
1475 1821 1618 1866 iudicet,
1647 1829 1738 1857 recte
1761 1823 1894 1867 sentiat,
1917 1823 2021 1872 pluri-

498 1927 541 1962 ¹¹)
574 1928 611 1955 de
632 1927 818 1966 Thucydidis
838 1927 950 1955 divitiis
970 1928 1007 1955 ef.
1026 1928 1062 1956 R.
1082 1928 1137 1955 ἲν.
1157 1927 1278 1965 Rriiger
1298 1929 1351 1956 vit.
1373 1927 1469 1956 Thuc.
1490 1939 1517 1966 p.
1538 1929 1576 1956 42
1595 1934 1627 1958 et
1647 1929 1743 1958 Thuc.
1763 1931 1801 1963 V,
1823 1931 1884 1960 1⁰5.

498 1984 542 2020 ¹²)
574 1983 767 2012 Acerrimum
793 1986 828 2012 ut
847 1988 951 2021 postea
971 1983 1241 2013 demonstrabimus
1262 1993 1392 2022 eumque
1419 1985 1649 2015 iniustissimum
1670 1985 1862 2026 Thucydides
1881 1987 2020 2016 adversa·

508 2056 515 2062 ·
573 2041 653 2067 rium
673 2039 765 2068 habet
787 2039 965 2077 Dionysium
985 2040 1289 2068 Halicarnasseusem.
1327 2040 1353 2068 E
1374 2040 1466 2069 Suida
1487 2042 1656 2078 accepimus
1676 2043 1838 2071 Claudium
1856 2043 2020 2083 Didymum

570 2100 730 2140 scripsisse
750 2093 822 2139 περὶ
842 2094 906 2128 τῶν
928 2090 1161 2141 ἕμαρτημένων
1182 2091 1277 2139 παρὰ·
1294 2091 1355 2141 τὴν
1378 2091 1550 2141 ἀναλογίαν
1575 2097 1767 2143 Θουκυδίδῃ.

494 2159 538 2195 ⁸⁸)
571 2158 605 2187 C.
626 2157 734 2186 odsrd.
754 2157 869 2185 Miiller
887 2158 906 2185 l.
928 2159 946 2186 l.
966 2168 993 2196 p.
1011 2159 1075 2188 351.
1105 2158 1321 2197 „Thukydides
1347 2159 1421 2188 liisst
1447 2170 1507 2188 nur
1534 2161 1566 2188 in
1593 2161 1733 2190 seltener:
1759 2161 1883 2194 Ffflen,
1910 2172 1959 2191 wo
1985 2172 2021 2192 er

569 2214 667 2243 selbst
692 2214 800 2242 seinen
819 2213 947 2242 Zweisel
970 2213 1051 2243 hund
1077 2213 1157 2252 giht,
1181 2214 1259 2242 iiber
1282 2214 1330 2243 die
1356 2214 1473 2244 Motive
1499 2215 1555 2244 der
1581 2208 1777 2245 lian⁰delnden
1799 2217 1958 2246 Personen
1979 2218 2020 2247 im

569 2270 699 2298 nunkel.
718 2285 756 2290 —
776 2270 818 2297 Es
838 2270 894 2301 ist,
913 2279 1003 2298 wem:
1021 2281 1090 2298 man
1110 2269 1307 2309 Thukydides
1326 2270 1416 2303 lies’t‚
1435 2272 1480 2303 als
1502 2281 1594 2302 weuu
1613 2272 1699 2302 nieht
1718 2272 1932 2313 'rhukydideo‚
1951 2283 2020 2304 son-

566 2325 644 2356 deru
663 2324 713 2355 die
733 2323 917 2354 Gesehiehte
939 2324 1032 2356 selbot
1052 2324 1210 2364 spricluw
