2259 2943
1142 146 1199 193 30

285 277 402 297 cursus
423 270 457 298 et
480 265 682 298 mutationes
706 264 975 312 perspiciendae.
1029 264 1119 300 Sunt
1146 272 1259 300 tamen
1283 272 1394 300 certae
1415 264 1578 312 quaedam
1601 264 1715 310 leges,
1745 275 1828 312 quas
1857 262 1907 296 sie
1932 261 2044 295 histo*

284 328 390 360 rieum
414 328 510 374 sequi
533 341 674 362 necesse
698 334 767 372 est,
802 341 956 376 quaeque
979 328 1024 362 ita
1046 329 1090 363 ad
1112 329 1274 364 historiae
1298 328 1495 375 dig-nitatem
1517 327 1688 375 pertinent
1710 334 1748 361 nt
1773 338 1884 374 neque
1906 325 2036 372 negligi

284 397 340 424 aut
368 391 539 437 repudiari
570 404 682 438 neque
714 392 820 426 everti
850 398 884 426 et
914 391 1081 439 perfringi
1110 393 1262 440 possint,
1297 392 1378 439 quin
1392 408 1395 411 ·
1409 391 1451 426 iis
1480 391 1620 426 sublatis
1650 397 1706 425 aut
1734 390 1870 425 minutis
1900 397 1934 424 et
1961 389 2035 437 ipsa

282 453 443 487 historiae
477 453 625 500 dignitas
656 455 805 489 tollatur.
860 453 933 489 Sed
965 455 1006 490 de
1036 455 1079 489 iis
1110 462 1271 503 quantum
1293 455 1328 489 in
1351 468 1404 489 me
1427 454 1491 489 erit
1513 454 1579 488 alio
1602 454 1678 489 loco
1702 458 1810 501 eoque
1831 453 1874 488 ad
1896 454 1957 487 has
1980 466 2035 487 res

283 516 382 550 aleius
405 517 608 564 repetendas
631 518 763 564 aptiore
788 531 892 564 agere
913 519 949 551 in
973 518 1081 552 animo
1105 526 1167 554 est.
2242 509 2259 550 -i

416 579 489 614 lam
512 581 594 615 haec
618 581 661 616 de
686 581 886 627 Thucydide
908 588 1026 616 nostro
1049 595 1068 616 a
1089 582 1190 617 nobis
1217 582 1414 616 festinanter
1440 582 1632 627 conscripta
1659 582 1694 615 in
1724 581 1912 627 praesentia
1946 581 2036 614 suffi-

284 642 391 686 ciant,
417 643 539 690 quibus
563 644 593 678 si
617 644 672 688 id,
696 645 788 692 quod
812 645 1017 689 studuimus,
1045 645 1273 689 effecerimus,
1298 646 1362 679 hoc
1385 651 1455 687 cst,
1484 651 1521 679 ut
1544 657 1624 688 vos,
1654 652 1790 679 nostrae
1814 645 1948 679 scholae
1970 644 2036 678 alu—

283 707 373 748 mni,
396 707 479 741 mihi
499 708 684 751 carissimi,
717 709 760 742 ad
783 708 992 754 Thucydidis
1016 708 1340 754 praestantissimum
1364 707 1488 742 librum
1512 708 1645 742 assidue
1668 714 1702 742 et
1724 707 1903 752 diligenter
1924 707 2037 752 legen-

286 769 366 804 dum
387 782 687 817 promoveremus,
714 784 768 806 me
794 784 888 806 meae
913 783 1036 818 operae
1064 772 1202 806 minime
1224 770 1431 818 poenitebit,
1463 771 1524 805 sed
1549 771 1790 817 amplissimum
1819 771 1891 805 eius
1920 770 2037 804 tulisse

285 833 434 869 fructum
463 834 544 868 mihi
572 835 725 869 videbor.
771 835 889 881 ltaque
917 841 955 869 ut
978 835 1068 882 quod
1090 835 1200 870 sentio
1224 847 1267 868 ex
1291 834 1402 868 animo
1427 833 1554 868 dicam:
1589 834 1630 868 ab
1661 834 1714 867 his
1737 833 1862 876 literis,
1895 846 1977 879 quas
2000 840 2036 866 ut

286 896 395 942 magis
427 897 604 942 mag-isque
636 898 921 944 amplecteremini
952 910 1017 944 ego
1044 898 1143 932 vobis
1173 910 1309 944 semper
1337 902 1454 930 auctor
1484 896 1549 937 rui,
1588 910 1631 931 ne
1661 889 1723 930 auf
1744 896 1842 930 labor
1870 896 2036 930 deterreat

286 971 366 1002 vos,
409 960 482 994 sine
513 972 580 1006 quo
609 960 693 994 nihil
725 973 788 994 nec
810 961 943 995 honesti
966 973 1026 995 nee
1048 961 1163 1007 mag-ni
1194 959 1378 1007 quidquam
1404 959 1493 993 effici
1520 965 1652 1006 potest,
1682 965 1738 993 aut
1767 959 1895 993 desidia
1919 966 2036 993 avocet

287 1022 427 1068 indigna
458 1022 514 1057 illa
549 1023 684 1070 quidem
712 1036 814 1071 quum
843 1023 934 1058 omni
963 1023 1098 1058 omnino
1127 1022 1255 1058 homini
1285 1021 1417 1057 liberali
1446 1027 1518 1057 tum
1547 1035 1628 1057 vero
1658 1021 1801 1057 maxime
1831 1021 2035 1057 adolescenti

288 1085 491 1132 optimarum
513 1086 685 1121 literarum
708 1087 878 1131 studioso,
903 1087 1002 1122 etiam
1024 1093 1124 1134 atque
1147 1087 1247 1121 etiam
1271 1087 1403 1120 cavete!
