2259 2943
1097 143 1154 188 ‘22

251 257 381 304 eydidis
403 256 505 291 fuerit
526 257 707 303 magister,
737 258 798 293 sed
828 266 969 306 propter
998 265 1137 292 aetatem
1165 258 1338 305 utriusque
1365 258 1428 292 viri
1460 270 1640 305 supparem
1665 258 1736 296 lieri
1760 259 1930 305 potuisse,
1961 263 1998 292 ut

251 320 468 366 Thucydides
496 321 569 354 eius
599 321 749 355 scholam
778 322 1022 368 frequentaret,
1058 333 1197 367 prorsus
1227 321 1362 366 negavit
1373 322 1434 363 ⁴⁰).
1488 320 1594 355 Cuius
1622 321 1685 354 viri
1717 327 1751 355 et
1781 321 1932 356 doctrina
1961 326 1997 354 et

250 382 388 427 ingenio
416 383 698 427 praestantissimi
730 385 911 417 auctoritas
941 390 1060 429 ‹pianta
1090 383 1133 416 sit
1162 383 1198 415 in
1224 383 1276 416 his
1304 384 1405 417 rebus
1431 395 1530 417 nemo
1553 395 1621 416 non
1645 383 1816 429 agnoscit,
1852 383 1908 430 qui
1931 383 1998 417 inm

252 444 370 490 primis
393 444 518 487 labris,
544 452 580 479 ut
604 446 736 488 dicunt,
769 446 998 491 Thucydidem
1021 445 1223 490 gustaverit,
1256 451 1289 478 et
1310 445 1384 490 ipse
1408 458 1473 490 ego
1497 445 1608 490 mag-ni
1633 459 1707 478 csse
1730 459 1802 479 eam
1825 446 1999 479 aestiman-

251 506 327 539 dam
351 517 488 553 semper
518 507 652 553 putavi,
684 514 795 541 tamen
828 508 861 541 id
890 508 936 541 illi
965 508 1034 540 *iro
1068 508 1148 540 darc
1178 520 1245 540 non
1269 520 1407 553 possum
1430 513 1465 540 ut
1489 509 1574 541 hauc
1593 520 1664 540 rcm
1688 520 1707 541 a
1730 508 1878 542 Caecilio
1902 507 1999 542 Cala-

250 568 341 602 ctino
365 569 440 602 aliis
464 569 564 614 plane
590 570 700 603 fictam
724 571 863 604 habeam
887 577 919 603 ct
944 575 1136 614 argumenta
1161 582 1211 611 ea,
1236 581 1320 614 quae
1347 582 1388 602 cx
1411 569 1495 614 ipsis
1520 569 1726 614 Thucydidis
1753 576 1785 603 ct
1808 570 1999 615 Antiphon·

252 630 295 664 tis
319 630 456 676 scriptis
481 632 626 677 repetita
645 633 896 666 similitudinem
922 632 1093 678 quandam·
1108 638 1140 665 ct
1162 631 1441 664 necessitudinem
1472 631 1701 665 incredibilem
1733 632 1906 678 utriusque
1933 632 1997 665 viri

252 700 286 727 et
315 693 443 739 ingenii
469 701 502 728 ct
527 695 690 728 orationis
720 695 800 728 mihi
824 696 968 741 probent
990 694 1141 727 abiiciam
1171 694 1279 735 (Plut.
1302 693 1373 727 vitt.
1398 694 1431 726 X
1454 700 1551 726 oratt.
1575 696 1641 726 309
1662 694 1703 726 Ε.
1728 694 1780 727 ed.
1805 694 1996 727 Westcrm.

253 768 286 801 p.
310 758 355 789 26
379 762 412 789 ct
437 768 470 802 p.
493 759 516 790 8
539 757 596 790 ubi
621 758 719 791 docte
743 758 933 791 VVcstcrm.
966 757 1005 790 de
1034 756 1093 790 illo
1124 757 1199 790 loco
1228 756 1342 789 vitiato
1376 755 1539 800 disputat)
1551 756 1614 795 ⁴¹¹).
1668 755 1716 788 At
1746 769 1826 789 vero
1859 762 1997 801 quaerat

254 819 399 851 fortasse
423 818 511 864 quis,
536 832 621 865 quae
644 820 777 853 tandem
803 826 835 852 ct
857 819 943 852 unde
968 819 1066 851 hahes
1091 818 1153 851 ista
1176 825 1231 852 tua
1257 823 1462 863 argumenta,
1487 830 1571 863 qnae
1593 817 1653 851 tibi
1678 817 1771 851 firma
1795 831 1903 864 neque
1927 818 1997 852 ullo

255 881 357 915 modo
384 882 571 915 refellenda
588 882 774 916 videantur.
820 881 893 915 Nae
916 882 990 914 illae
1008 881 1141 926 quidem
1161 881 1340 921 orationes,
1366 893 1450 925 quae
1469 880 1531 913 sub
1542 879 1764 926 Antiphontis
1782 881 1917 914 nomine
1935 882 1998 914 cir-

256 943 488 977 cumferuntur
511 944 571 977 tihi
596 944 770 978 videantur
793 944 973 989 genuinae3
997 943 1069 976 aliis
1092 955 1160 976 non
1182 943 1277 976 item!
1329 942 1427 976 Multi
1454 943 1608 988 profecto
1634 943 1722 976 haud
1746 943 1933 984 mediocris,
1949 933 2012 977 in-'

257 1005 349 1051 genii
372 1006 463 1052 iique
487 1007 671 1041 doctissimi
696 1007 757 1040 viri
781 1013 813 1040 ct
837 1008 968 1040 l'uerunt
990 1012 1019 1039 et
1042 1012 1138 1048 sunt,
1169 1006 1225 1051 qui
1251 1019 1332 1051 quas
1354 1005 1576 1051 Antiphontis
1605 1012 1674 1039 tres
1703 1007 1898 1051 teti-alogias
1923 1007 2000 1040 toti-

258 1067 402 1114 demque
421 1069 591 1102 oraliones
614 1069 736 1102 hahere
751 1069 849 1101 nobis
867 1068 1024 1110 videmur,
1049 1080 1104 1100 cas
1125 1068 1153 1100 si
1172 1080 1239 1100 non
1261 1080 1376 1100 omncs
1395 1073 1427 1100 at
1443 1067 1557 1112 plures
1570 1067 1766 1101 subditicias
1783 1068 1998 1113 habcant⁴²).

259 1129 415 1175 Quorum
444 1130 602 1164 iudicium
630 1131 709 1177 quin
740 1131 781 1164 ad
811 1130 1004 1164 seutentiam
1035 1142 1088 1163 mc
1121 1119 1226 1168 ineam
1255 1136 1447 1175 permoveat
1477 1130 1744 1164 commutandam
1776 1130 1898 1164 multae
1923 1137 2000 1165 sunt

260 1203 397 1234 causae,
421 1206 504 1239 quas
528 1194 556 1227 si
579 1195 643 1227 hoc
667 1194 742 1226 loco
767 1194 917 1238 proferre
941 1200 971 1226 ct
994 1199 1057 1226 tam
1081 1193 1167 1233 alte,
1193 1205 1290 1237 quam
1313 1205 1367 1224 res
1392 1193 1558 1237 postulat⁷
1582 1193 1743 1238 expedire
1765 1194 1904 1235 vellem,
1930 1194 2001 1227 lon-

260 1254 338 1298 gius
363 1267 382 1287 a
406 1255 585 1302 proposito
615 1261 811 1301 argumento
841 1255 996 1288 recedere
1024 1267 1076 1288 me
1104 1260 1285 1300 oporteret.
1331 1253 1498 1300 Equidem
1523 1254 1579 1301 qui
1602 1255 1853 1301 Antiphonteas
1878 1256 2000 1290 oratio-

482 1366 526 1401 ⁴⁰)
559 1366 779 1403 Antiphontem
798 1365 928 1392 scholam
948 1366 1074 1394 Athenis
1095 1366 1250 1404 aperuisse
1270 1370 1397 1394 constat.
1444 1366 1516 1394 Post
1537 1375 1605 1394 eum
1628 1370 1658 1394 ct
1678 1365 1821 1404 Gorgiam
1841 1371 2000 1405 tantopere

561 1424 642 1450 inter
662 1422 865 1450 Athenienses
888 1422 1075 1458 eloquentiae
1096 1422 1228 1449 studium
1250 1422 1380 1453 exarsit,
1403 1426 1436 1449 ut
1457 1432 1544 1449 nemo
1566 1422 1631 1449 fere
1650 1423 1769 1450 iuvenis
1792 1423 1912 1460 elegans
1934 1433 2000 1451 esse

560 1478 732 1508 videretur,
758 1477 816 1504 nisi
836 1478 887 1514 qui
908 1477 1078 1505 rhetoribus
1099 1477 1271 1514 scholisque
1298 1487 1402 1504 eorum
1427 1487 1548 1514 operam
1575 1482 1723 1506 navasset.
1762 1478 1836 1506 Nam
1857 1479 1999 1507 universa

559 1534 689 1565 illarum,
710 1543 784 1570 quas
801 1532 939 1560 rhetores
960 1538 988 1560 et
1005 1534 1144 1570 princeps
1164 1543 1269 1560 eorum
1283 1533 1447 1569 Antiphon.
1465 1533 1594 1560 Athenis
1615 1539 1807 1570 aperuerant,
1828 1535 2000 1562 scholarum

558 1589 735 1616 constitutio
755 1588 791 1615 ad
811 1588 904 1625 ipsius
923 1588 1025 1615 aetatis
1046 1593 1184 1616 naturam
1204 1598 1238 1616 ac
1257 1597 1357 1615 mores
1377 1574 1485 1615 miruin
1508 1593 1654 1625 quantum
1674 1577 1889 1622 conveniebat,
1909 1595 1944 1618 ut
1963 1600 2000 1619 eo

559 1644 697 1681 cupidius
718 1649 748 1672 et
769 1645 974 1671 adolescentes
999 1649 1028 1671 et
1049 1645 1176 1671 iuvenes
1203 1644 1321 1670 nobiles
1347 1644 1384 1670 ad
1411 1654 1460 1670 eas
1485 1644 1693 1675 confluerent,
1723 1654 1784 1682 quo
1812 1646 1910 1683 magis.
1926 1647 2000 1683 ipsis

561 1704 625 1726 erat
645 1709 839 1736 persuasum,
864 1708 912 1726 eas
935 1698 975 1725 ibi
996 1708 1043 1726 rcs
1063 1699 1183 1730 doceri,
1211 1708 1288 1735 quae
1309 1702 1388 1729 tum,
1412 1699 1492 1726 cives
1512 1709 1580 1726 cum
1601 1699 1718 1732 forent,
1745 1700 1801 1727 sihi
1822 1701 2000 1730 utilissimae

561 1755 598 1781 ad
620 1754 739 1791 publica
759 1755 879 1791 negotia
900 1754 976 1780 bene.
995 1755 1107 1792 agenda
1130 1754 1252 1780 futurae
1273 1758 1383 1780 essent.
1430 1753 1511 1781 ldem
1536 1755 1693 1792 Antiphon
1719 1759 1815 1783 artem
1838 1756 2000 1785 oratorian

560 1810 691 1847 scripsit,
711 1810 797 1837 euius
817 1810 933 1847 aliquot
953 1810 1096 1847 reliquiae
1118 1814 1236 1837 exstant
1257 1809 1335 1846 apud
1354 1810 1458 1846 Apsin.
1479 1810 1604 1838 Rhetor.
1624 1821 1651 1848 p.
1672 1811 1727 1839 719
1745 1811 1815 1839 ΑΜ.
1835 1826 1874 1832 —
1894 1812 2003 1840 said-s

560 1881 583 1900 s,
604 1882 628 1900 v.
649 1861 737 1909 ἅμα,
761 1864 930 1899 αἰσθέσθαι.
975 1871 1194 1899 WVestermann
1222 1870 1258 1898 ad
1285 1870 1363 1898 Plut.
1393 1871 1457 1899 vin.
1479 1871 1597 1900 Xon-att.
1616 1882 1643 1910 p.
1663 1871 1701 1900 2⁴
1720 1881 1804 1911 seqq.
1843 1872 2003 1912 Rriigerufl

559 1928 731 1965 suspicatur
754 1929 957 1955 narrationem
980 1928 1015 1954 de
1041 1926 1248 1963 Antiphontca
1275 1926 1459 1964 Thucydidis
1486 1928 1679 1955 institutione
1706 1928 1873 1965 profectam
1894 1934 2004 1959 orta--

556 1992 617 2020 que
638 1992 704 2011 esse
725 1993 760 2011 ex
780 1983 919 2011 laudibus
939 1984 1014 2014 inis,
1037 1983 1149 2021 quibus
1170 1981 1264 2009 Thuc.
1284 1981 1373 2012 vul,
1394 1983 1430 2009 68
1451 1982 1837 2036 Antiphontcm‘ornasset.

481 2038 526 2074 ⁴¹)
562 2039 600 2067 de
620 2038 752 2067 Caecilio
773 2039 927 2068 Calactino
947 2039 984 2067 cf.
1004 2041 1074 2067 Ant.
1096 2038 1370 2065 westcrmannum
1392 2038 1495 2066 histor.
1517 2039 1594 2077 eloq.
1614 2040 1720 2069 Graec.
1744 2043 1771 2076 ἓ.
1789 2040 1835 2069 88.

481 2095 526 2130 ⁴³)
562 2083 705 2122 Sluiteri=
732 2095 891 2123 Lectiones
912 2095 1052 2122 Andocid.
1073 2104 1100 2131 p.
1122 2094 1191 2121 10⁰:
1218 2094 1352 2130 ..primae
1372 2098 1471 2121 autem
1491 2096 1597 2123 aetatis
1618 2096 1702 2123 nulla
1728 2096 1765 2123 ad
1790 2101 1925 2125 nostram
1944 2106 2004 2125 me-

557 2151 683 2179 moriam
706 2156 901 2179 monumenta
929 2156 1045 2178 servata
1071 2153 1159 2180 sunt,
1191 2149 1248 2177 nisi
1275 2149 1471 2186 Antiphontis
1498 2151 1614 2188 aliquot
1639 2152 1792 2178 orationes
1825 2152 2004 2180 fortasse

555 2206 723 2244 spurias.
762 2206 936 2234 Schlosser=
956 2206 1086 2233 univers.
1098 2201 1205 2232 Ubere.
1216 2203 1378 2242 l‚2p.261.
1416 2205 1636 2234 Wcstermmn
1656 2206 1725 2234 hist.
1747 2206 1824 2244 eloq.
1846 2207 1954 2236 Graec.
1976 2217 2003 2246 p.

555 2263 594 2291 ⁵9
614 2272 697 2300 seqq.
714 2278 749 2283 —
766 2262 857 2297 Quod
874 2272 990 2289 meeum
1009 2260 1161 2289 consentit
1182 2260 1207 2287 is
1227 2261 1283 2291 vir,
1303 2261 1355 2298 qui
1378 2270 1477 2297 nuper
1496 2262 1694 2299 Antiphontis
1714 2262 1868 2290 orationes
1892 2263 2004 2299 optime

557 2323 588 2346 et
609 2318 772 2355 explicatas
793 2322 824 2345 et
845 2317 1015 2345 emendatas
1036 2316 1140 2346 edidit,
1161 2315 1370 2343 Maetznerum
1391 2315 1474 2347 dieo,
1494 2315 1566 2344 mihi
1583 2315 1674 2346 ,valde
1693 2321 1852 2356 acceptum
1872 2316 2005 2348 obvenit.
