2182 2881
1133 117 1161 162 6

264 234 347 280 quit,
372 246 501 267 morum
525 233 678 267 doctrina
698 232 780 266 nihil
805 240 856 267 est
880 234 970 267 aliud
992 233 1054 267 uisi
1077 233 1231 266 historia:
1253 238 1309 266 ant
1333 232 1377 265 ita
1402 244 1476 265 cnm
1501 231 1641 265 historia
1665 231 1787 276 iuncta,
1812 239 1848 268 ut
1871 232 1900 267 si
1923 239 2016 267 caret

263 296 453 342 exemplis,
485 296 529 330 sit
560 296 708 330 ieiuna“.
761 295 848 329 Nam
878 296 922 329 ita
954 309 1016 330 nos
1046 295 1197 329 homines
1228 300 1344 328 natura
1363 295 1487 327 'sumus
1517 294 1720 341 comparati,
1752 295 1848 344 ut'in
1874 295 2016 329 aliorum

267 358 391 400 indole,
420 359 454 392 in
480 371 545 405 qua
569 359 706 405 quidem
730 358 803 405 ipsa
826 359 1034 405 explicanda,
1057 370 1157 404 quum
1182 357 1297 391 eadem
1321 357 1354 389 iu
1378 362 1596 402 conspectum
1614 357 1711 409 caglat
1726 370 1831 404 seque
1852 358 1924 392 sive
1943 370 2016 392 ver-

269 421 321 454 bis
343 421 413 455 sive
437 421 534 455 sactis
558 417 731 464 ostendat,
761 421 848 455 haud
878 421 1081 455 levissimum
1107 419 1267 454 historiae
1296 431 1415 453 munus
1441 418 1606 461 cernitur,
1637 432 1734 453 sunm
1756 420 1900 474 quisque
1922 420 2016 466 inge·

270 484 361 518 nium
391 484 580 517 intueamur
609 490 710 530 atque
740 484 822 524 inde,
850 490 905 518 aut
935 484 1025 530 quod
1047 483 1213 518 imitemur
1236 495 1403 516 sumamus
1426 487 1482 515 aut
1506 481 1597 527 quod
1619 494 1812 517 aversemur
1834 482 2013 529 fugiamus.

268 547 380 592 Quam
405 546 566 579 historiae
589 559 661 580 rem
684 546 817 579 Plinius
840 547 926 580 hene
948 558 1133 591 agnoscens
1165 552 1344 591 (panegyr.
1369 546 1483 597 c..45)
1513 543 1679 586 „melius,
1712 545 1838 591 inquit,
1861 545 2014 579 homines

269 608 435 654 exemplis
459 608 640 651 docentur,
666 620 752 655 quae
777 608 810 642 in
835 608 952 654 primis
976 609 1038 642 hoc
1060 607 1095 641 in
1120 619 1156 641 se
1179 606 1260 641 honi
1282 606 1424 649 habent,
1458 605 1548 652 quod
1570 606 1777 652 approbant,
1809 619 1895 653 quac
1920 619 2014 654 prae-

270 671 418 716 cipiunt,
442 671 515 703 fieri
539 674 679 716 posse2‘.
733 671 921 704 Audiamus
945 671 1176 713 Plutarchum,
1209 670 1266 715 qui
1290 663 1388 715 quem
1411 668 1485 714 ipse
1508 681 1550 701 ex
1575 668 1652 701 vitis
1677 669 1842 702 clarorum
1860 669 2013 703 >virorum

270 733 465 766 enarrandis
493 734 638 766 fructum
660 733 800 778 ceperit,
830 733 874 766 ita
897 733 1069 778 profitetur
1093 731 1234 774 (Timol.
1255 730 1393 775 init.)⁶)
1445 726 1541 776 Ἐμοὶ
1566 730 1623 776 μὲν
1647 732 1711 777 τῆς
1733 732 1797 766 τῶν
1823 730 1898 775 βίων
1922 728 2013 777 ἅψα-
2075 752 2079 755 -

270 800 344 829 σθαι
367 795 424 839 μὲν
446 797 578 840 γραφῆς
602 796 718 840 συνέβη
744 795 777 829 δι’
798 796 939 839 ἑτέρους,
971 795 1122 839 ἐπιμένειν
1146 794 1182 829 δὲ
1203 794 1261 828 καὶ
1283 796 1467 839 φιλοχωρεῖν
1489 789 1555 838 ἤδη
1579 792 1637 827 καὶ
1659 794 1693 827 δί
1713 790 1869 839 ἐμαυτὸν,
1906 790 2012 839 ὥσπερ

270 860 302 893 ἐν
328 854 473 905 ἐσόπτρῳ
496 860 540 903 τῇ
565 858 691 904 ἱστορίᾳ
713 854 901 903 πειρώμενον
928 853 1126 903 ἀμωσγέπως
1153 863 1283 903 κοσμεῖν
1310 856 1367 892 καὶ
1393 852 1567 902 ἀφομοιοῦν
1597 852 1677 901 πρὸς
1704 852 1769 898 τοὶς
1791 855 1916 892 ἐκείνων
1940 852 2013 903 αἶρε-

269 917 333 963 τοὶς
354 917 410 956 τὸν
434 921 510 965 βίον.
556 916 658 957 Οὕδὲν
683 917 745 966 γάρ
768 916 835 957 ἀλλ’
858 918 880 967 ἦ
906 916 1119 966 συνδιαιτήσει
1141 920 1198 956 καί
1220 911 1393 967 συμβιῶσει
1414 916 1451 955 τὸ
1474 915 1634 966 γινόμενον
1656 920 1774 963 ἔοικεν,
1799 915 1879 956 ὅταν
1906 915 2012 967 ὥσπερ

271 980 507 1028 ἐπιξενούμενον
537 985 675 1018 ἕκαστον
698 979 803 1018 αὔτῶν
835 985 867 1017 ἐν
893 985 979 1028 μέρει
1007 981 1060 1017 διὰ
1090 986 1153 1029 τῆς
1183 984 1324 1028 ἱστορίας
1350 980 1575 1028 ὑποδεχόμενοι
1609 983 1666 1017 καὶ
1699 980 2014 1028 παραλαμβάνοντες

271 1043 498 1091 ἀναθεωρῶμεν
521 1060 551 1081 κ.
574 1060 605 1081 τ.
629 1050 657 1081 λ.
671 1067 713 1071 —-
731 1047 942 1091 Hancigitur
956 1047 1112 1079 historiae
1126 1047 1193 1080 vim
1217 1053 1250 1080 et
1273 1053 1422 1079 naturam
1446 1046 1508 1080 etsi
1532 1046 1620 1079 haud
1642 1045 1713 1079 seio
1737 1059 1779 1079 an
1795 1060 1894 1080 nemo
1906 1054 2011 1092 neget

271 1109 306 1142 in
329 1108 458 1143 infinita
481 1109 659 1143 illustrium
683 1109 913 1155 exemplorum
944 1108 1039 1155 copia
1067 1108 1186 1143 mirum
1217 1114 1375 1155 quantum
1398 1108 1438 1143 ad
1462 1108 1653 1143 excitandas
1677 1108 1711 1143 in
1734 1109 1918 1155 legentium
1943 1110 2011 1145 ani-

271 1170 334 1204 mis
354 1169 495 1204 latentes
518 1170 670 1213 sincerae
693 1176 726 1204 et
749 1170 914 1204 infucatae
936 1170 1145 1204 humanitatis
1168 1171 1362 1204 scintillulas
1384 1166 1495 1204 valere
1519 1177 1551 1204 et
1578 1171 1620 1203 ad
1643 1183 1778 1204 sensnm
1802 1171 1885 1204 recti
1907 1173 2010 1205 hone-

270 1233 380 1278 stique
407 1233 591 1267 acuendum
615 1233 795 1279 plurimum
820 1234 982 1275 fanen-0⁷),
1007 1233 1098 1268 multi
1121 1239 1231 1268 tamen
1255 1240 1287 1268 et
1311 1247 1353 1268 ex
1375 1240 1524 1268 veterum
1548 1247 1687 1269 numero
1711 1234 1898 1278 illorum⁸),
1927 1247 2009 1282 quo-

270 1306 343 1327 rum
368 1294 495 1340 scripta
518 1295 559 1328 ad
582 1301 731 1328 nostram
757 1301 979 1341 pervenerunt
1010 1301 1164 1338 aetatem,
1196 1301 1228 1328 et
1252 1308 1293 1328 ex
1321 1295 1563 1329 recentioribus
1587 1297 1663 1330 ideo
1693 1297 1852 1331 historiae
1875 1309 2010 1331 causam

268 1370 387 1402 parum
412 1363 503 1390 recte
525 1358 733 1391 intellexisse
755 1358 927 1399 videntur,
953 1359 1041 1403 quod
1063 1359 1239 1403 primarias
1263 1359 1334 1392 eius
1357 1366 1468 1404 partes
1492 1360 1658 1393 habehant
1682 1373 1750 1402 eas,
1775 1365 1811 1393 ut
1834 1360 1950 1394 eadem
1977 1367 2010 1394 et

269 1420 311 1453 de
334 1419 436 1454 rebus
463 1419 568 1465 gestis
593 1426 709 1466 ageret
733 1426 766 1454 et
789 1426 966 1466 praecepta
990 1420 1030 1453 ad
1049 1420 1149 1454 vitam
1174 1427 1264 1455 recte
1289 1421 1450 1467 agendam
1474 1421 1680 1469 perhiberet,
1710 1422 1790 1469 quin
1814 1422 1912 1456 etiam
1936 1422 2011 1470 ipsa

268 1482 351 1515 nihil
369 1482 435 1514 nisi
451 1482 595 1528 aliquam
611 1489 701 1515 recte
720 1496 758 1515 ac
777 1483 945 1528 sapienter
963 1483 1093 1516 vivendi
1113 1483 1323 1540 disciplinam
1336 1485 1522 1518 contineret
1530 1486 1574 1526 ⁹).
1617 1485 1693 1518 lam
1716 1486 1822 1519 solam
1845 1486 2009 1520 eiusmodi

490 1577 519 1611 ὅ)
567 1577 605 1604 cf.
626 1578 663 1604 de
687 1577 745 1604 hoc
764 1578 860 1614 eapite
880 1578 912 1604 ιἰι
932 1577 1130 1606 Timoleontis
1150 1578 1242 1606 vitam
1263 1578 1425 1607 referendo
1445 1579 1478 1607 C.
1496 1579 1543 1607 Fr.
1555 1579 1778 1608 Hei-mannum:
1798 1579 1871 1608 diar.
1885 1577 2010 1610 Halens'.

566 1642 590 1660 a.
613 1631 894 1661 mocccxxxlv
915 1642 960 1660 nr.
980 1633 1022 1661 7⁰.
1043 1637 1072 1661 et
1092 1632 1226 1660 Sintenis
1249 1632 1280 1661 in
1301 1633 1433 1662 editione
1453 1633 1490 1662 ab
1510 1634 1574 1673 ipso
1595 1634 1733 1664 instituta
1755 1640 1826 1667 tom.
1851 1639 1872 1668 Ι.
1901 1647 1928 1676 p.
1948 1637 2012 1666 468.

490 1688 520 1722 ⁷)
566 1688 603 1715 cs.
624 1689 659 1716 G.
682 1688 714 1716 F.
735 1689 925 1715 schoemann
949 1689 1073 1725 praefat.
1093 1690 1130 1716 ad
1147 1689 1226 1716 Plut.
1246 1691 1321 1726 Agis
1342 1695 1372 1718 et
1391 1691 1543 1718 Cleomen.
1565 1692 1824 1730 Gryphiswaldiae
1844 1695 1925 1722 1839.

490 1743 521 1779 ⁸)
568 1742 712 1782 Polybius
733 1744 792 1775 ΙΙΙ,
818 1744 850 1775 7,
870 1743 889 1771 5
908 1753 990 1781 seqq.
1011 1743 1070 1774 xl,
1090 1744 1115 1770 8.
1139 1745 1161 1776 Ι,
1180 1744 1224 1772 35.
1270 1744 1374 1773 Livius
1394 1735 1518 1784 praefat.
1540 1745 1662 1775 Rectius
1682 1747 1806 1777 Tacitus
1826 1749 1864 1777 de
1883 1740 2010 1778 his‘toria

564 1800 696 1827 sensisse
719 1798 856 1826 videtuir:
878 1801 1081 1836 praecipuum,
1103 1801 1220 1838 inquit,
1239 1811 1349 1829 munus
1362 1803 1521 1830 ‘annalium
1541 1813 1622 1835 reor,
1643 1813 1681 1832 ne
1700 1805 1833 1834 virtutes
1853 1806 2011 1838 sileantur,

564 1858 660 1893 utque
684 1855 786 1892 pravis
816 1853 904 1881 dietis
933 1854 1080 1892 factisque
1107 1865 1142 1882 ex
1169 1856 1347 1894 posteritate
1371 1861 1401 1885 et
1424 1857 1547 1885 infamia
1568 1862 1667 1886 metus
1694 1860 1741 1888 sit.
1781 1860 1959 1889 Herodotus
1978 1862 2010 1888 in

559 1920 693 1948 prowm.
714 1910 838 1948 Dionys·
860 1910 956 1938 italic.
976 1912 1100 1949 Antiqq.
1121 1911 1160 1944 V,
1181 1921 1204 1939 c.
1226 1913 1269 1940 75.
1291 1918 1321 1941 et
1340 1923 1474 1951 prooem.
1590 1901 1594 1906 Ι
1676 1950 1681 1955 q

485 1964 515 2002 ⁹)
564 1965 767 1993 Roussavius:
794 1965 840 1992 les
867 1965 1001 1993 hommes
1029 1966 1130 1994 seuses
1156 1966 1280 1995 doivent
1306 1969 1449 2006 regarder
1475 1969 1624 1998 l'histoire
1648 1974 1770 2000 comme
1788 1982 1832 2000 un
1858 1973 1937 2001 tissu
1957 1973 2010 2001 des

563 2022 670 2053 sahles,
691 2022 766 2050 dont
786 2022 815 2049 la
835 2022 950 2049 morale
972 2027 1017 2049 est
1038 2023 1098 2051 tr‘es
1120 2023 1297 2060 appropriee
1317 2035 1355 2052 au
1375 2035 1468 2054 eoeur
1487 2026 1610 2055 humain
1630 2037 1696 2065 opp.
1716 2032 1786 2056 tom.
1806 2028 1888 2057 Vln.
1903 2040 1923 2066 p
1945 2030 2008 2057 2⁸2.

526 2067 529 2071 ⁵
560 2076 685 2105 nocuus
715 2077 813 2116 Πομ-Ι
840 2076 1015 2116 l'hilosoph.
1036 2078 1090 2105 der
1109 2077 1292 2106 Gcsehichte
1311 2089 1337 2118 p.
1356 2080 1381 2108 9.
1406 2080 1506 2113 „was
1533 2081 1581 2110 die
1603 2082 1782 2122 Erl'ahrung
1801 2083 1864 2111 und
1883 2084 1932 2112 die
1952 2085 2009 2113 Ge-

559 2134 696 2163 sehiehte
710 2135 820 2162 lehren
840 2134 880 2162 ist
900 2134 1009 2167 dieses,
1028 2135 1095 2163 dass
1115 2135 1231 2164 Volker
1245 2137 1307 2165 und
1321 2137 1536 2176 Regierungen
1548 2140 1673 2168 niemals
1687 2150 1741 2169 aus
1756 2141 1812 2169 der
1827 2141 2009 2170 Geschiehte

557 2194 651 2219 etwas
678 2190 800 2228 gelernt
825 2189 889 2218 und
917 2189 994 2218 nach
1016 2189 1155 2223 Lehren,
1184 2191 1232 2220 die
1257 2202 1311 2220 ans
1336 2192 1499 2222 den-selben
1523 2204 1562 2223 ιιι
1589 2195 1698 2224 sichen
1725 2205 1868 2234 gcwesen
1894 2200 2008 2227 waren,

556 2246 722 2285 gehaudelt
740 2246 850 2276 hatten
870 2257 898 2274 u.
920 2256 942 2274 s.
963 2256 1000 2274 w.
1026 2262 1064 2268 -
1088 2247 1195 2281 Frpne.
1217 2247 1305 2276 Biese
1324 2249 1569 2287 philosophisehe
1590 2251 1793 2288 propicia-utile
1814 2252 1918 2280 Berlin
1938 2253 2010 2281 184⁵

555 2311 582 2343 p.
603 2300 676 2334 2⁴2,
695 2305 758 2330 not.
781 2300 844 2331 les
867 2311 900 2333 a,
918 2317 957 2323 —-
976 2300 1001 2328 F
1003 2301 1075 2330 ried.
1099 2301 1226 2330 Fischer
1243 2302 1375 2334 „Lehrh-
1396 2303 1451 2332 der
1471 2305 1566 2344 Logik
1586 2305 1666 2334 18³8.
1686 2316 1714 2344 p.
1733 2306 1796 2334 m.
1817 2309 1843 2342 5.
1865 2307 1924 2335 1⁰1.
