2341 2888
1071 147 1126 193 23

231 253 293 296 nes
316 273 418 309 saepe
440 251 644 310 inditumque
672 276 713 298 eo
743 264 955 311 potissimum
983 264 1125 299 consilio
1155 264 1313 310 legerim,
1347 271 1383 299 ut
1407 265 1487 312 quid
1509 264 1553 298 sit
1576 264 1687 310 ipsum
1710 264 1799 298 inter
1821 269 1855 296 et
1879 261 1969 296 Thn-

228 319 384 370 eydidcm
417 326 581 360 sermonis
609 333 643 361 ct
670 327 797 373 ingenii
830 327 1086 362 necessitudinis
1119 327 1270 361 accurate
1306 328 1473 371 viderem,
1508 333 1630 374 quanta
1665 339 1805 374 possum
1839 338 1968 359 summa

228 386 474 421 asseveratione
498 388 644 432 affirmo,
673 402 726 423 me
753 390 823 424 sive
846 390 1053 436 singularum
1078 390 1264 424 orationum
1289 390 1434 424 indolem
1458 396 1490 424 et
1512 389 1790 436 compositionem
1813 394 1969 435 spectan-

225 454 294 482 tem
323 449 394 483 sive
425 449 556 496 singula
584 452 685 485 verba
713 458 749 486 et
777 453 947 498 singulare
976 453 1217 486 construendae
1242 453 1402 485 orationis
1425 465 1532 497 genus
1554 452 1840 492 considerantem,
1874 450 1966 496 quod

228 510 263 544 in
284 523 407 557 pravae
430 513 635 547 auctoritatis
658 514 883 560 suspicionem
903 528 1057 549 vocarem
1076 514 1200 548 nullum
1221 521 1347 547 certum
1365 514 1542 559 vestigium
1561 515 1740 560 reperisse.
1786 512 1859 547 Sed
1875 513 1965 546 idem

228 586 295 619 ego
319 574 438 617 fateor,
461 574 563 621 longe
588 575 752 610 diversam
775 590 849 611 esse
871 578 987 611 harum
1003 576 1189 610 orationum
1207 576 1369 610 rationem
1389 583 1422 610 ct
1441 589 1573 610 causam
1598 576 1639 609 ab
1663 576 1717 618 iis,
1742 588 1826 622 quas
1848 588 1965 609 reu-ra

227 650 341 672 coram
380 637 545 671 iudicibus
578 639 708 673 habitas
742 624 875 674 scimus.
926 640 1045 686 ltaque
1075 652 1175 686 quum
1205 639 1281 672 illae
1314 639 1446 684 quidem
1475 645 1565 673 certe
1595 638 1793 684 tetralogiae
1823 645 1965 684 propter

227 692 416 734 inusitatam
445 701 630 746 argumenti
657 703 888 736 tractationem
921 702 956 735 in
985 715 1063 735 vera
1098 715 1194 735 causa
1222 701 1357 734 minime
1386 701 1492 735 dictae
1520 701 1712 744 videantur,
1753 701 1963 734 verissimum

228 769 331 808 puto,
363 763 453 808 quod
482 764 605 796 dudum
631 764 818 810 suspicatus
848 777 940 807 sum,
973 777 1065 797 mera
1091 764 1223 809 generis
1254 763 1391 796 oratorii
1420 776 1494 796 esse
1525 763 1678 808 exempla
1700 763 1742 796 ab
1765 763 1842 808 ipso
1866 763 1965 796 Anti-

228 825 354 871 phonte
377 825 411 858 in
435 837 530 859 usum
553 826 687 860 scholae
710 826 834 872 scripta
842 826 904 868 ⁴³).
1780 820 1782 822 ‚

360 886 431 921 Sed
458 889 538 921 satis
569 895 620 921 est
651 890 692 922 de
718 890 780 922 hae
807 889 1032 931 institutione,
1063 900 1159 934 quam
1190 895 1223 922 et
1256 895 1395 933 propter
1418 888 1645 921 auctoritatem
1669 888 1805 921 testium
1829 894 1862 921 et
1886 901 1964 934 pro-

228 955 304 995 ptcr
327 949 576 984 similitudinem
599 950 634 984 in
656 951 828 998 utriusque
851 951 914 985 viri
932 951 1066 998 scriptis
1088 951 1302 997 conspicuam
1319 950 1473 996 equidem
1488 963 1556 983 non
1571 950 1760 995 negandum
1776 963 1852 984 esse
1870 957 1964 996 puto.

227 1012 280 1044 Ex
302 1014 362 1045 hac
387 1010 565 1058 disciplina
590 1020 622 1047 et
645 1014 815 1059 cogitandi
838 1020 871 1047 et
895 1014 1026 1047 dicendi
1049 1015 1220 1059 profectus
1244 1013 1458 1058 Thucydides
1488 1013 1529 1046 ab
1555 1012 1760 1057 Anaxagora
1790 1026 1895 1058 aeque
1925 1026 1963 1046 ac

229 1073 397 1117 Pericles,
430 1075 575 1119 Magnus
598 1075 685 1118 Vir,
716 1075 891 1109 sublimem
920 1076 962 1109 de
988 1076 1089 1109 rebus
1113 1075 1232 1108 divinis
1255 1075 1472 1120 humanisque
1498 1074 1734 1119 cogitationem
1757 1075 1906 1120 suscepit
1931 1081 1962 1108 et

227 1135 430 1183 Antiphonti
454 1119 627 1183 egregium
651 1137 734 1171 illud
758 1137 890 1172 dicendi
913 1150 1019 1184 genus
1045 1137 1153 1184 aliqua
1176 1137 1293 1170 saltem
1317 1150 1358 1170 ex
1382 1142 1475 1182 parte
1497 1136 1651 1171 debuisse
1672 1137 1804 1171 videtur
1814 1137 1875 1178 ⁴⁴).

360 1198 478 1243 ltaque
503 1200 609 1244 quum'
631 1199 708 1233 libri
736 1199 937 1245 Thucydidii
967 1200 1168 1245 praestantia
1197 1200 1262 1232 iam
1295 1199 1534 1244 antiquissimis
1563 1199 1772 1244 temporibus
1796 1206 1885 1233 esset
1909 1211 1964 1232 co-

226 1260 321 1306 gnita
342 1260 466 1294 factum
488 1267 558 1303 est,
583 1268 619 1295 ut
641 1261 823 1307 scriptores
846 1268 952 1296 aetate
974 1261 1190 1308 posteriores,
1215 1261 1284 1307 qui,
1310 1268 1346 1294 nt
1368 1267 1437 1294 tum
1460 1267 1553 1295 crant
1575 1267 1745 1307 tempora,
1769 1274 1824 1295 res
1849 1267 1963 1307 gestas

229 1322 389 1355 discendo
414 1323 539 1366 magis,
563 1335 680 1367 quam,
705 1323 790 1356 sicut
812 1323 861 1356 illi
886 1324 989 1368 prisci
1012 1324 1178 1365 fecerant,
1205 1323 1410 1367 experiendo
1432 1330 1694 1367 cog-noscerent,
1727 1335 1794 1368 quo
1819 1323 1963 1368 quisque

227 1390 298 1417 erat
321 1383 596 1429 diligentissimus
620 1384 828 1431 maximeque
852 1385 1004 1419 curiosus
1028 1385 1165 1418 eruendi
1189 1398 1232 1418 cx
1254 1385 1415 1418 librorum
1438 1384 1655 1430 ambiguitate
1679 1398 1804 1427 verum,
1828 1398 1869 1418 co
1892 1385 1963 1431 plu-

228 1445 275 1480 ris
297 1445 529 1492 Thucydidem
551 1447 729 1490 haberent,
759 1453 793 1480 et
815 1447 956 1493 proinde
987 1447 1015 1480 si
1038 1453 1072 1480 et
1093 1447 1159 1492 ipsi
1182 1460 1254 1489 res,
1284 1460 1365 1493 quas
1391 1447 1523 1480 easdem
1552 1447 1611 1480 ille
1641 1453 1858 1489 tractaverat,
1892 1448 1963 1481 sive

227 1508 374 1542 consilio·
392 1515 616 1554 exponerent,
649 1509 736 1552 sive,
766 1510 942 1544 occasione
965 1510 1058 1552 data,
1089 1510 1130 1543 ad
1152 1523 1207 1543 eas
1232 1510 1463 1552 devenissent,
1494 1509 1565 1543 eius
1591 1509 1840 1552 auctoritatem,
1870 1517 1963 1556 post-

226 1570 349 1604 habitis
373 1576 427 1604 aut
452 1571 550 1605 etiam
572 1571 736 1616 neglectis
759 1571 834 1605 aliis
858 1571 1098 1618 scriptoribus,
1140 1584 1237 1618 quam
1261 1572 1402 1605 maxime
1424 1571 1567 1617 amplexi
1591 1570 1733 1616 vestigia
1756 1572 1864 1605 securi
1888 1585 1963 1618 pre-

227 1640 374 1675 merent,
401 1645 510 1678 neque
541 1633 576 1666 id
604 1634 677 1667 sinc
707 1634 905 1678 gravissima
934 1642 1033 1682 causa
1056 1647 1094 1667 ae
1115 1634 1243 1667 ratione
1273 1635 1442 1667 facientes.
1486 1634 1557 1666 lam
1580 1647 1599 1666 a
1623 1633 1831 1678 Thucydidis
1855 1641 1963 1667 aetate

228 1706 334 1740 usque
358 1694 400 1727 ad
423 1694 604 1740 Polybium
626 1696 726 1740 paulo
749 1696 891 1741 amplius
915 1696 1049 1729 ducenti
1072 1701 1285 1728 numerantur
1316 1695 1411 1738 anni,
1442 1707 1509 1741 quo
1537 1695 1631 1728 brevi
1660 1695 1822 1741 temporis
1851 1696 1961 1741 spatio

226 1755 347 1790 mirum
370 1761 433 1798 est,
458 1761 539 1802 quot
563 1763 685 1802 quanta
707 1769 782 1790 cum
804 1757 968 1790 industria
990 1756 1174 1791 doctissimi
1196 1755 1347 1790 homiues
1372 1769 1431 1790 suo
1455 1756 1597 1802 quisque
1618 1756 1759 1790 consilio
1777 1769 1815 1790 ac
1832 1757 1962 1791 ratione

226 1818 400 1852 historiam
429 1817 619 1852 instituerit.
679 1818 752 1852 Sed
779 1820 821 1852 ad
851 1832 953 1853 unum
984 1832 1100 1852 omnes
1126 1825 1161 1852 ut
1189 1825 1283 1852 erant
1312 1819 1352 1851 ab
1386 1819 1555 1851 doctrinae
1583 1819 1736 1852 ubertate
1766 1819 1873 1852 inutili
1905 1820 1961 1852 illa

227 1879 362 1926 quidem
388 1885 420 1913 et
444 1892 482 1914 ca
504 1880 701 1927 plerumque
729 1881 772 1915 ab
799 1881 960 1915 historica
982 1887 1053 1915 arte
1085 1893 1162 1916 vera
1192 1880 1392 1914 alienissima
1415 1880 1612 1927 Thucydide
1633 1880 1885 1923 instructiores,
1918 1881 1962 1915 ita

225 1941 341 1992 iudicii
365 1941 504 1976 sanitate
527 1948 560 1976 et
580 1943 730 1977 acumine
754 1955 792 1977 ac
817 1943 948 1977 sincero
981 1943 1120 1977 artificio
1150 1942 1309 1976 historico
1341 1943 1442 1988 longe
1474 1949 1551 1976 sunt
1580 1942 1689 1976 eidem
1723 1944 1962 1988 postponendi,

225 2004 351 2052 quippe
380 2004 436 2051 qui
464 2004 618 2051 plerique
646 2018 762 2039 omncs
790 2019 833 2040 ex
861 2006 1033 2040 rhetorum
1058 2004 1179 2040 scholis
1203 2006 1245 2039 ad
1267 2005 1440 2039 historiam
1464 2018 1538 2039 sese
1562 2005 1718 2039 conferre
1741 2005 1889 2039 solerent
1901 2007 1963 2047 ⁴⁶).

446 2086 490 2122 ⁴³)
521 2087 558 2114 de
580 2087 707 2125 singulis
723 2087 921 2121 orationibus,
941 2088 979 2116 de
998 2088 1110 2126 quibus
1129 2087 1268 2124 pluribus
1288 2088 1336 2116 hic
1355 2088 1509 2125 disputare
1529 2087 1601 2115 mihi
1621 2091 1748 2125 propter
1761 2087 1853 2115 huius
1866 2088 1963 2116 libelli

521 2133 674 2171 angustias
695 2134 848 2172 disputare
868 2144 930 2163 non
948 2134 1035 2167 licet,
1055 2133 1134 2162 conf.
1153 2133 1193 2161 sis
1213 2133 1380 2163 Wcsterm.
1404 2135 1423 2163 l.
1442 2134 1461 2162 l.
1482 2136 1507 2169 §-
1526 2134 1562 2161 41
1585 2138 1617 2162 et
1636 2133 1766 2162 additam
1785 2134 1806 2163 l.

445 2177 490 2214 ⁴⁴)
519 2178 625 2216 Neque
644 2189 717 2207 vero
730 2179 788 2207 hoc
806 2179 848 2206 ita
867 2179 1074 2217 accipiendum
1094 2183 1149 2210 est,
1169 2184 1204 2207 ut
1223 2180 1414 2218 Thucydides
1435 2179 1654 2216 Antiphontem
1670 2179 1790 2207 referre
1810 2181 1964 2208 studuisse

317 2223 335 2242 ὓ
522 2229 664 2262 putetur,
684 2225 737 2254 sed
759 2224 792 2253 F.
811 2225 1019 2263 AugsWolfii
1039 2225 1111 2253 vera
1130 2226 1280 2253 sententia
1299 2225 1359 2253 huc
1380 2225 1540 2253 referenda
1561 2229 1614 2253 est.
1635 2230 1697 2253 not.
1717 2226 1762 2254 47.

447 2271 492 2307 ⁸¹)
520 2271 630 2300 Giiller
652 2271 689 2299 de
715 2271 783 2299 Situ
810 2275 841 2299 et
863 2271 980 2308 Origin.
1005 2271 1144 2309 syracus.
1172 2280 1198 2307 p.
1225 2272 1287 2300 185.
1326 2272 1544 2299 Westcrmann
1571 2272 1591 2299 l.
1617 2272 1636 2299 l.
1663 2274 1688 2306 ς.
1715 2272 1759 2300 51).
1799 2273 1964 2300 Enimvero

519 2317 624 2346 nullut
648 2316 681 2345 in
707 2320 771 2346 tota
795 2316 976 2356 antiquitate
1002 2317 1109 2346 rhetor
1132 2316 1207 2348 fuit,
1234 2317 1286 2355 qui
1313 2321 1364 2345 aut
1390 2317 1493 2354 plures
1518 2317 1681 2355 discipulos
1701 2321 1752 2345 aut
1773 2321 1832 2345 tam
1852 2317 1964 2345 diversi
