2151 2881
1086 185 1114 230 2

220 301 263 334 sit
293 299 468 340 relictum,
505 298 539 332 in
570 312 638 345 quo
668 300 749 346 quid
781 301 862 335 eniti
891 307 946 335 ant
975 300 1054 347 quid
1086 301 1221 334 efficere
1245 298 1352 345 possit
1383 299 1611 342 ostendat¹)?
1646 299 1802 332 Meormn
1825 298 1972 344 quidem,

221 374 306 408 quae
330 361 371 394 ad
395 361 549 406 antiquas
572 361 687 394 literas
712 364 963 406 referebantur,
993 363 1178 396 studiorum
1207 375 1249 394 ex
1279 361 1337 393 illo
1367 366 1520 405 tempore
1550 373 1589 394 ea
1617 373 1753 406 semper
1780 366 1852 394 erat
1872 359 1972 402 ratio,

222 430 257 457 ut
282 429 442 469 quantum
467 429 557 456 esset
582 423 655 466 otii,
683 424 717 457 in
741 425 873 469 graecis
897 425 1066 459 historicis
1091 431 1124 458 et
1148 423 1328 470 praecipue
1350 421 1385 454 in
1405 421 1606 466 Thucydide
1629 434 1705 456 meo
1728 434 1972 464 consumerem,

221 498 288 519 non
317 484 407 530 quod
436 484 472 516 in
504 497 545 517 eo
575 485 629 518 vel
660 486 862 531 explicando
898 488 950 520 vel
981 486 1187 520 emendando
1218 483 1420 530 praeclarius
1451 483 1577 529 aliquid
1610 484 1771 532 perticere
1794 496 1847 517 me
1870 495 1973 528 posse

222 553 392 593 putarem,
420 546 481 578 sed
512 552 548 579 ut
580 546 616 579 in
643 548 762 592 primis
786 562 879 582 meae
902 550 1008 594 ipsius
1032 549 1133 581 animi
1156 547 1315 581 voluntati
1339 545 1584 588 satisfacerem,
1617 545 1738 579 deinde
1761 551 1797 579 ut
1820 544 1920 579 etiam
1943 543 1972 578 si

224 609 303 655 quid
330 609 435 650 sorte,
468 608 559 653 quod
583 606 770 654 scriptione
795 611 934 655 dignum
958 611 1141 652 videretur,
1169 607 1488 656 elaborasscmnid,
1513 613 1672 652 quantum
1697 613 1730 640 et
1752 619 1889 652 possem
1911 618 1974 652 per

222 684 328 705 meam
355 670 620 711 mediocritatem
647 677 680 705 et
704 672 784 705 mibi
808 673 924 706 liceret
947 686 1007 719 per
1029 671 1175 713 muneris
1198 671 1263 704 mei
1287 669 1476 704 scholastici
1509 669 1648 702 multum
1677 668 1870 714 negotium,
1904 674 1972 702 tam

223 739 375 767 accurate
400 737 433 765 et
457 731 640 777 diligenter
664 734 893 780 conscriptum
923 735 964 767 ad
995 734 1134 767 aliorum
1162 733 1388 778 cognitionem
1420 731 1649 776 producerem.
1697 731 1808 776 Quam
1835 731 1870 763 in
1901 743 1972 763 rem

222 796 285 828 etsi
309 795 374 826 iam
395 801 471 826 ante
495 796 557 826 hos
582 801 651 827 tres
673 802 706 828 ct
731 797 822 840 quod
846 797 993 829 excurrit
1015 809 1120 829 annos
1144 795 1301 828 nonnulla
1325 794 1486 827 habebam
1510 800 1636 838 parata,
1660 799 1771 827 tamen
1791 806 1867 827 cum
1885 805 1971 835 mea,

223 870 321 904 quam
347 855 447 890 modo
473 855 680 902 significavi,
706 857 884 904 occupatio
909 858 1068 900 maxima,
1094 856 1257 904 quidquid
1282 856 1323 889 de
1346 855 1464 888 studiis
1487 854 1657 887 literarum
1681 854 1764 888 meis
1787 854 1972 887 meditabar

221 920 255 951 in
286 919 574 963 opportunitatem
597 919 625 951 si
651 919 762 964 aliqua
792 920 871 952 mihi
904 921 1097 961 accidisset,
1130 920 1225 952 iussit
1254 919 1396 957 dill'erri,
1425 925 1494 951 tum
1524 931 1603 951 vero
1636 918 1708 963 ipsa
1742 930 1854 951 rerum
1884 916 1971 951 ratio

222 995 371 1016 mearum
394 995 447 1015 me
471 981 635 1027 privavit,
668 981 702 1016 id
726 982 818 1028 quod
841 981 1026 1028 aegerrime
1050 981 1217 1025 ferebam,
1248 979 1339 1025 horis
1370 979 1547 1027 perpaucis
1571 979 1637 1013 illis
1661 979 1814 1027 quidem,
1845 991 1930 1026 quae
1953 991 1973 1012 a

222 1043 370 1078 muneris
394 1043 516 1076 officiis
540 1056 665 1077 vacuae
690 1044 863 1077 etiamtum
886 1051 979 1077 erant
1002 1045 1147 1077 relictae.
1199 1044 1278 1088 Quo
1307 1045 1429 1076 factum
1460 1049 1510 1075 est
1539 1043 1712 1075 laboribus
1735 1056 1810 1076 eum
1833 1056 1889 1087 Q
1913 1055 1972 1088 op-

222 1107 322 1154 primi
355 1106 435 1140 mibi
465 1106 601 1140 viderer
633 1120 744 1153 neque
779 1107 974 1153 emergendi
1004 1108 1073 1141 fcre
1103 1107 1242 1141 facultas
1275 1106 1426 1149 daretur,
1466 1111 1502 1140 ut
1532 1105 1588 1139 illa
1618 1117 1702 1152 quac
1733 1104 1812 1139 milti
1847 1117 1972 1152 propo·

224 1182 353 1203 sueram
385 1174 418 1202 ct
448 1181 534 1215 quac
568 1169 765 1215 perficiendi
797 1182 893 1215 spem
920 1176 1053 1203 tenuem
1086 1176 1181 1202 antea
1211 1170 1372 1214 habebam
1404 1169 1433 1212 si
1465 1169 1574 1202 minus
1606 1169 1705 1214 plane
1735 1169 1912 1214 desperata
1938 1175 1971 1202 at

222 1232 354 1265 deserta
386 1231 544 1265 iacerent.

354 1293 472 1339 ltaque
502 1294 589 1327 hane
619 1293 790 1331 scribendi
823 1293 1033 1328 occasionem
1070 1306 1111 1327 cx
1145 1293 1247 1326 veteri
1282 1306 1319 1326 ac
1354 1293 1511 1326 laudabili
1545 1299 1679 1326 nostrae
1712 1293 1847 1326 scholae
1878 1305 1972 1326 more

220 1356 440 1400 institutoque
464 1355 668 1388 celebratam
693 1368 796 1400 (plum
820 1356 899 1388 mihi
924 1357 1067 1388 oblatam
1093 1369 1153 1400 per
1177 1357 1277 1388 hosce
1302 1356 1373 1388 dics
1396 1356 1601 1401 necopinans
1630 1357 1798 1398 viderem,
1828 1369 1895 1388 non
1923 1356 1972 1388 iu-

220 1418 308 1451 vitus
339 1418 425 1461 feei,
458 1424 493 1452 ut
526 1418 672 1464 aliquam
706 1432 748 1452 ex
778 1419 863 1453 meis
893 1419 1063 1452 literarum
1093 1417 1211 1452 studiis
1243 1417 1413 1451 materiam
1436 1417 1463 1451 si
1487 1430 1554 1451 non
1578 1431 1733 1464 magnam
1754 1417 1971 1464 multamque,

221 1481 300 1513 mihi
324 1487 436 1514 tamen
461 1487 633 1526 acceptam
659 1487 692 1513 et
717 1487 848 1525 gratam
868 1481 1074 1524 deliga-rem,
1108 1493 1192 1525 quae
1216 1481 1331 1513 cadem
1356 1493 1422 1512 non
1446 1493 1585 1525 prorsus
1609 1488 1698 1514 esset
1721 1481 1848 1514 inutilis
1871 1482 1973 1527 paulo

221 1543 514 1577 exercitatioribus
546 1549 637 1578 certe
660 1544 806 1588 ‘quidem
838 1543 871 1576 in
903 1556 1021 1588 graeca
1054 1543 1167 1587 lingua
1198 1542 1295 1588 primi
1325 1549 1460 1575 nostrae
1491 1543 1625 1577 scholae
1656 1543 1785 1576 ordinis
1818 1543 1972 1585 alumnis,

221 1605 344 1652 quibus
367 1606 541 1652 proxime,
568 1619 642 1639 cum
667 1606 848 1651 Meyerus,
878 1620 907 1639 v.
932 1619 978 1647 c.,
1004 1606 1059 1651 qui
1083 1606 1191 1638 fasces
1213 1605 1310 1637 huius
1335 1605 1468 1638 scholae
1494 1606 1592 1639 habet
1615 1612 1648 1639 ct
1674 1606 1762 1639 idem
1785 1606 1910 1651 primas
1939 1606 1974 1639 iu

221 1680 259 1702 ca
291 1669 390 1701 classi
425 1674 537 1713 partes
569 1669 658 1712 agit,
692 1669 788 1712 gravi
821 1669 939 1701 morbo
970 1682 1007 1700 ae
1036 1668 1211 1709 diuturno,
1243 1668 1277 1700 id
1307 1667 1396 1712 quod
1429 1681 1496 1700 non
1521 1669 1592 1701 sine
1615 1668 1760 1702 maximo
1783 1669 1974 1703 ferebamus

221 1731 360 1773 dolore,
386 1730 611 1773 detineretur,
637 1730 841 1774 'flu-eydhtii
866 1730 943 1764 libri
968 1731 1111 1776 aliquam
1135 1737 1262 1776 partem
1287 1729 1524 1775 interpretatus
1549 1743 1633 1764 sum.
1679 1730 1758 1778 Qua
1780 1730 1815 1764 in
1838 1744 1876 1764 rc
1898 1744 1974 1765 cum

222 1805 340 1826 xerear
369 1805 411 1826 ne
443 1792 528 1834 sint,
558 1792 614 1838 qui
647 1792 688 1824 dc
719 1792 771 1824 his
801 1793 970 1825 schedulis
999 1793 1115 1833 talem,
1146 1792 1276 1837 qualem
1309 1805 1373 1836 ego
1405 1793 1541 1837 explere
1570 1806 1632 1826 nec
1661 1794 1752 1826 volui
1779 1794 1899 1827 necin
1922 1795 1975 1827 his

455 1895 484 1931 ¹)
524 1885 701 1933 Clu-istoph.
732 1896 811 1923 Frid.
842 1896 929 1923 Feril.
957 1896 1076 1924 llam-ke
1103 1895 1227 1932 praefat.
1255 1896 1291 1922 ad
1318 1896 1452 1935 Thueyd.
1480 1899 1511 1925 in
1536 1907 1625 1926 usum
1650 1898 1812 1925 iuvenum·
1823 1898 1902 1926 stud.
1928 1898 1973 1926 ed.

523 1942 604 1980 Lips.
626 1942 879 1970 Mncccxxffl
900 1952 957 1980 pag·
987 1941 1034 1969 lv,
1064 1942 1119 1971 „ln
1144 1941 1320 1980 Thucydide
1346 1942 1574 1981 interpretando
1598 1953 1660 1970 non
1686 1942 1774 1971 facile
1802 1944 1975 1981 reperietur

521 1989 574 2026 qui
594 1998 746 2026 nusquam
767 1987 929 2015 offenderit
950 1998 984 2015 ac
1006 1998 1107 2015 veram
1127 1988 1290 2025 scriptoris
1314 1994 1445 2017 mentem
1465 1999 1584 2027 semper
1609 1996 1640 2017 et
1663 1989 1777 2026 ubique
1800 1991 1922 2027 penitus
1942 2001 1975 2019 se

522 2035 697 2073 percepisse
727 2035 795 2062 iure
819 2034 1013 2062 contendat.“
1051 2034 1138 2068 Quae
1158 2044 1251 2071 quum
1278 2035 1317 2062 ita
1343 2036 1403 2063 sint
1425 2036 1526 2064 facere
1547 2046 1608 2063 non
1628 2045 1765 2073 possum,
1791 2036 1866 2074 quin
1885 2037 1975 2065 vehe-

522 2085 643 2110 menter
662 2091 735 2108 sane
754 2081 883 2111 doleam,
904 2080 985 2117 quod
1009 2085 1041 2108 ut
1062 2080 1165 2107 multis
1187 2080 1283 2112 libris»,
1307 2090 1343 2109 ex
1363 2082 1473 2119 quibus
1493 2082 1565 2110 satis
1585 2082 1727 2120 praesidii
1747 2082 1975 2119 adiumentique

521 2128 557 2155 ad
577 2127 799 2155 accuratiorem
821 2126 1002 2164 Thucydidii
1023 2126 1123 2163 operis
1150 2126 1352 2163 cognitionem
1373 2129 1477 2165 quaeri
1498 2129 1610 2160 soleat,
1635 2129 1802 2156 destitutus
1823 2138 1906 2159 snm,
1935 2129 1976 2156 ita

522 2173 728 2211 copiosissima
749 2173 801 2200 illa
822 2173 944 2210 quidem
965 2182 980 2199 a
1001 2172 1144 2210 Poppone
1165 2183 1190 2199 v.
1210 2182 1234 2200 c.
1255 2173 1374 2201 condita
1394 2174 1525 2202 editione
1547 2184 1643 2202 careo.
1682 2174 1764 2208 Quid
1784 2174 1877 2211 igitur
1898 2173 1977 2201 feci?

518 2236 557 2241 —
577 2219 771 2247 tritissimum
792 2219 872 2247 illud
893 2223 942 2247 est
961 2223 991 2247 et
1011 2218 1217 2246 verissimum:
1244 2219 1422 2256 scriptorem
1443 2220 1488 2247 sui
1511 2229 1663 2259 quemque
1681 2220 1827 2258 optimum
1847 2229 1913 2247 esse
1934 2220 1977 2247 in-

520 2270 697 2303 terpretem.
739 2266 847 2302 ltaque
871 2265 980 2292 erebro
1001 2264 1131 2302 repetita
1151 2270 1289 2292 accurata
1309 2264 1379 2291 libri
1399 2265 1547 2297 lectione,
1567 2266 1607 2293 ita
1627 2270 1736 2294 natura
1759 2265 1825 2293 eius
1845 2270 1876 2293 et
1895 2266 1978 2303 inge·
2005 2277 2010 2281 ·

521 2312 573 2339 nio
599 2322 646 2339 me
669 2312 807 2339 imbuere
832 2311 1009 2343 studebam,
1037 2315 1072 2338 ut
1092 2309 1278 2348 Thucydidis
1305 2310 1457 2339 sentiendi
1484 2315 1514 2338 ct
1539 2311 1689 2348 cogitandi
1716 2311 1864 2339 rationem
1885 2321 1977 2350 quan·
1997 2331 2000 2334 ⁴

522 2362 587 2388 tum
609 2366 729 2394 possem
749 2366 805 2396 per
824 2366 921 2386 meam
942 2356 1180 2386 mediocritatem
1200 2365 1413 2394 pernoscerem
1437 2360 1467 2383 et
1487 2356 1782 2394 comprehenderem.
