2341 2888
1068 148 1224 194 19·

222 258 311 320 inimi
333 264 445 299 valere
465 277 564 300 nemo
586 265 711 309 nescit3
733 277 799 312 qua
820 271 963 313 propter
984 278 1012 299 a·
1026 266 1209 300 iustissimo
1233 278 1368 312 quoque
1389 265 1601 300 aestimatore
1624 272 1658 300 et
1680 266 1761 300 artis
1783 265 1964 300 historicae

209 325 428 374 'peritissimo
451 329 533 363 haee
556 341 667 363 rerum
690 328 823 375 penitus
847 329 1156 375 cognoscendarum
1186 334 1220 363 et
1247 341 1289 362 cx
1316 329 1400 375 ipsis
1431 328 1558 363 intimis
1580 327 1690 378 causi's
1714 329 1784 363 suis
1807 334 1963 375 repeten-

223 389 339 429 darum
362 391 483 426 mentis
505 391 645 425 facultas
668 397 767 438 atque
790 392 1002 435 exercitatio,
1032 405 1131 438 quam
1161 391 1289 438 optimo
1318 391 1391 426 iure
1419 391 1568 426 critica-
1599 392 1710 436 dieas,
1742 393 1865 439 quibus
1888 391 1962 426 lieri

222 459 336 499 potest
356 444 495 488 eufimia
516 454 671 489 laudibus
694 461 746 489 est
766 454 968 501 praedicata.
1013 454 1085 489 Sed
1106 446 1257 489 criticum
1282 467 1412 497 munus,
1436 467 1503 500 quo
1527 454 1556 488 si
1580 454 1656 500 quis
1676 467 1788 489 rerum
1813 455 1962 501 scriptor

222 522 398 562 susceptae
419 516 612 563 provinciae
635 517 827 551 satisfacere
857 517 1014 563 r'ectequc
1041 524 1156 563 partes
1185 529 1263 551 suas
1291 517 1429 563 explere
1451 516 1539 559 vult,
1572 529 1782 563 nequaquam
1805 529 1961 563 superse·

222 577 315 622 deat,
337 591 406 612 non
428 579 535 625 magis
557 591 598 613 eo
620 579 832 613 referendum
856 585 925 623 cst,
956 585 993 613 ut
1014 579 1048 612 in
1073 579 1199 624 ingenti
1223 591 1334 612 rerum
1357 578 1580 625 undequaque
1601 578 1839 613 coufluentium
1860 579 1959 625 copia

222 641 303 688 quid
325 654 441 676 verum
463 642 523 685 sit,
550 642 631 688 quid
656 655 753 676 secus
777 642 989 676 exactissimo
1012 642 1178 676 examinet
1202 641 1345 684 iudicio,
1371 641 1571 688 perspiciat,
1595 649 1774 687 agnoscat,
1800 654 1901 688 quam
1924 642 1959 675 in

221 716 263 738 eo
285 704 451 748 cernitur,
482 705 572 751 quod
596 704 684 739 iuter
705 705 918 739 scribendum
939 705 1134 739 historicum
1158 710 1292 750 semper
1315 710 1464 746 moneat,
1487 703 1524 737 id
1546 710 1615 746 est,
1639 710 1675 738 ut
1698 704 1799 738 certis
1822 710 1856 738 et
1880 704 1960 738 deli·

221 766 300 799 nitis
331 767 426 813 operi
454 767 604 801 terminis
631 767 770 813 positis,
799 767 908 800 nullas
935 779 991 800 res
1021 766 1171 813 quamvis
1200 766 1269 800 sint
1295 772 1328 800 et
1356 766 1550 812 verissimae
1577 773 1610 800 ct
1638 767 1862 810 certissimae,
1892 767 1958 801 nisi

222 841 307 876 qliae
332 829 374 863 ad
404 835 654 876 argumentum,
685 829 776 876 quod
805 829 871 863 sihi
903 829 1036 876 penitus
1060 829 1292 876 explicandum
1320 828 1517 876 sumpserit,
1548 828 1672 876 aliquid
1695 829 1829 864 faciant.
1885 828 1957 873 Sic,

221 880 257 925 ut
280 905 333 935 eo,
357 893 445 926 unde
468 877 611 938 profecti
634 905 765 935 sumus,
788 893 1006 935 revertamur,
1029 892 1243 937 Thucydides
1269 892 1387 925 leviter
1406 898 1535 925 tautum
1557 893 1712 925 omnibus
1736 893 1839 926 rebus
1861 893 1959 926 tactis

222 961 277 989 aut
299 954 399 990 etiam
421 956 536 1003 utique
562 954 688 990 relictis
711 962 745 990 et
771 954 923 999 omissis,
952 955 988 990 in
1012 954 1133 1002 qubus
1155 955 1246 990 nulla
1267 961 1356 989 esset
1380 955 1432 989 vis
1462 954 1504 989 ad
1529 954 1612 989 illud
1632 955 1757 990 bellum
1780 955 1815 990 in
1837 962 1960 990 utram-

224 1030 288 1064 que
318 1024 448 1064 partem
483 1031 544 1065 per
578 1018 687 1052 varias
721 1006 968 1053 vicissitudines
999 1011 1233 1064 explicandum
1264 1024 1364 1063 atquc
1390 1017 1626 1061 evolvendum,
1660 1030 1717 1051 cas
1746 1018 1960 1064 potissimum

223 1080 384 1126 singulari
407 1094 482 1115 cnm
507 1080 679 1126 diligentia
702 1088 735 1114 et
758 1080 996 1126 perspicuitate
1018 1088 1167 1123 enarrat,
1197 1072 1283 1126 quac
1307 1080 1369 1114 etsi
1392 1093 1515 1125 parvae
1537 1081 1608 1114 scre
1630 1094 1869 1127 nonnunquam
1892 1081 1959 1127 pri-

222 1155 275 1177 ma
293 1142 409 1190 speeie
428 1142 591 1185 videntur,
604 1142 730 1190 aliquid
747 1142 906 1178 momenti
924 1143 967 1177 ad
982 1142 1062 1177 belli
1076 1142 1308 1177 inclinationes
1322 1142 1482 1176 haberent
1489 1143 1549 1184 ³⁴).
1584 1142 1683 1177 Unde
1698 1143 1822 1178 sactum
1841 1150 1905 1187 cst,
1924 1151 1959 1178 ut

199 1244 208 1252 α
223 1205 440 1252 perpetuitas,
461 1218 526 1251 qua
543 1193 668 1239 bellum
685 1205 764 1239 inde
782 1205 824 1240 ab
843 1205 939 1239 initio
957 1205 1114 1251 explicat,
1134 1205 1234 1238 nullis
1246 1212 1301 1238 aut
1315 1205 1430 1238 saltem
1441 1205 1619 1250 perpaucis
1631 1205 1900 1250 digressionibus
1915 1208 1959 1240 sit

221 1258 493 1315 interpellata’ss,
507 1270 691 1302 1280-138.
706 1268 735 1311 l,
748 1270 823 1302 126.
837 1268 885 1311 ll,
896 1269 951 1301 29.
962 1267 1011 1311 ΙΙ,
1025 1269 1078 1310 15,
1092 1269 1164 1301 1⁰2.
1178 1267 1245 1310 vl,
1258 1270 1425 1311 54—59);
1448 1279 1514 1313 quo
1529 1267 1663 1313 quidem
1679 1281 1793 1302 rerum
1811 1269 1959 1303 seriben-

223 1331 338 1363 darum
358 1327 509 1363 institsso
525 1330 579 1369 vel
592 1330 734 1363 maxime
754 1342 773 1362 a
793 1330 997 1375 reliquorum
1018 1330 1258 1362 consuetudine
1275 1342 1386 1367 rerum
1403 1329 1604 1374 scriptorum
1623 1341 1725 1375 quum
1745 1330 1958 1376 superiorum

222 1399 292 1428 tum
308 1391 534 1439 posteriorum
545 1391 683 1435 recedit,
705 1405 789 1438 quos
807 1404 923 1426 omncs
940 1391 1174 1437 cognoscimus
1186 1392 1304 1426 relicto
1317 1405 1417 1437 saepe
1429 1404 1567 1425 numero
1584 1405 1696 1426 rerum
1709 1393 1959 1439 propositarum

223 1456 341 1489 ordine
360 1454 396 1487 in
415 1454 607 1487 diverticula
626 1454 799 1487 aberrasse
818 1455 889 1488 sive
907 1467 986 1501 quo,
1007 1454 1183 1487 occasione
1200 1454 1323 1496 oblata,
1343 1453 1552 1487 insolitarum
1569 1466 1607 1487 ac
1625 1453 1825 1488 mirabilium
1845 1465 1959 1489 rerum

222 1517 476 1552 narratiunculis
488 1517 691 1551 delectarent
701 1517 860 1551 lectorem
871 1517 941 1551 sive
958 1517 1117 1551 docerent
1130 1517 1170 1550 dc
1184 1517 1386 1563 populorum
1400 1517 1548 1550 moribus
1562 1517 1678 1551 aliisve
1690 1517 1726 1551 id
1737 1530 1844 1563 genus
1857 1519 1959 1552 rebus

222 1577 446 1627 exponentes(
486 1579 556 1613 Res
581 1584 702 1623 autem,
727 1591 810 1626 quas
826 1579 861 1613 in
877 1579 1035 1613 historiae
1052 1591 1130 1612 suae
1149 1585 1277 1625 partem
1290 1579 1467 1613 trahendas
1484 1578 1614 1612 censuit
1632 1579 1861 1626 Thucydides,
1882 1593 1957 1614 eum

222 1643 257 1677 in
281 1643 414 1678 modum
439 1642 619 1688 explicavit
639 1649 676 1677 ut
697 1655 766 1676 non
788 1643 870 1677 satis
892 1643 1047 1685 haberet,
1068 1642 1098 1676 si
1120 1642 1257 1676 historia
1279 1655 1337 1675 sua
1356 1649 1526 1675 externam
1549 1655 1661 1675 rerum
1684 1643 1831 1687 speciem
1856 1645 1959 1678 refer-

221 1711 293 1747 ret,
322 1710 355 1739 et
384 1704 458 1751 ipsa
487 1710 656 1751 tamquam
677 1717 789 1738 rerum
811 1710 982 1750 gestarum
1011 1704 1182 1750 speculum
1204 1717 1280 1738 csse
1304 1704 1489 1747 videretur,
1519 1703 1555 1737 id
1582 1703 1672 1750 quod
1696 1703 1858 1739 historico
1882 1707 1960 1740 arti-

222 1768 299 1801 ficio
322 1773 374 1801 est
394 1767 587 1812 iudignum,
618 1766 679 1800 sed
704 1767 739 1799 id
767 1773 801 1800 ct
830 1768 956 1800 studuit
985 1774 1018 1800 ει
1041 1767 1168 1809 effecit,
1198 1773 1236 1799 ut
1263 1766 1291 1799 si
1322 1767 1396 1812 quis
1424 1767 1548 1799 librum
1575 1766 1698 1811 leg-crit
1719 1779 1787 1799 non
1810 1774 1878 1800 tam
1902 1781 1958 1802 res

222 1836 336 1876 gestas
357 1829 482 1875 legisse
505 1827 570 1862 sihi
591 1827 760 1872 videatur,
787 1841 886 1876 quam
916 1829 973 1876 qui
1005 1829 1127 1863 fuerint
1149 1840 1213 1874 per
1238 1828 1328 1863 illam
1359 1834 1500 1863 aetatem
1522 1827 1694 1862 homiuum
1715 1841 1845 1873 mores,
1874 1843 1960 1877 quae

222 1892 420 1934 voluntates,
446 1903 531 1936 quae
554 1890 681 1935 „genii
699 1891 835 1924 humani
853 1891 1100 1925 vicissitudines
1120 1897 1152 1924 ct
1170 1891 1373 1924 incrementa
1391 1898 1483 1926 certo
1503 1890 1707 1936 compererit
1717 1891 1779 1935 ⁸⁶).
1824 1892 1959 1937 Quodsi

444 1975 488 2011 ⁸¹)
516 1975 623 2013 ltaque
642 1983 705 2002 non
723 1973 834 2001 mirum
853 1977 910 2005 est,
929 1973 1012 2011 quod
1033 1974 1195 2002 multarum
1217 1984 1331 2006 rerum,
1353 1956 1430 2012 quasv
1447 1973 1527 2011 apud
1545 1975 1776 2013 Aristopharem
1795 1978 1959 2015 exagitatas

516 2031 700 2068 reperimus,
719 2039 758 2057 ne
773 2029 925 2058 minimam
944 2030 1066 2067 quidem
1084 2030 1155 2058 facit
1173 2031 1358 2063 mentionem
1376 2030 1578 2068 Thucydides.

444 2094 488 2131 ⁸⁵)
520 2093 654 2122 Marcell.
673 2093 726 2121 vit.
745 2092 842 2121 Thue.
859 2095 888 2128 §-
908 2092 946 2121 5⁰
964 2081 1067 2126 δεινὸς
1086 2080 1311 2131 ἤθογραφῆσαι
1332 2095 1359 2128 s.
1377 2093 1414 2121 51
1432 2092 1483 2121 fin.
1511 2080 1597 2131 ἠθῶν
1627 2083 1776 2131 μιμητὴς
1803 2087 1862 2123 καὶ
1891 2085 1959 2134 ἄρι-

517 2161 594 2190 στος
605 2144 810 2194 διαγραφεύς.
846 2157 889 2185 At
917 2155 1083 2194 Dionysius
1102 2155 1196 2182 Halic.
1215 2165 1244 2193 p.
1263 2156 1318 2185 776
1337 2155 1545 2194 Thucydidem
1570 2145 1616 2183 τοὶ
1636 2145 1743 2194 πάθη,
1767 2158 1960 2187 Herodotum

515 2208 560 2247 τοὶ
579 2208 644 2257 ἤθη
668 2218 811 2247 subtilius
829 2217 1001 2256 depinxisse
1019 2217 1095 2245 van„
1114 2232 1151 2238 —
1168 2215 1204 2244 le.
1224 2216 1333 2245 oarrd„
1354 2217 1467 2245 mue·-
1487 2217 1541 2246 1.1.
1559 2227 1588 2255 p.
1601 2217 1666 2247 844.
1704 2219 1891 2252 „wamma
1911 2221 1959 2249 die

519 2275 660 2303 Friihern
679 2274 778 2302 davou
803 2274 988 2311 ausgingen‚
1015 2273 1065 2301 ein
1083 2273 1116 2300 in
1134 2272 1182 2300 die
1204 2274 1316 2310 Augen
1337 2273 1485 2300 fallendes
1505 2273 1662 2301 Sinnliche
1685 2285 1724 2302 zu
1749 2276 1904 2304 selu'ldcru
1924 2293 1960 2297 —

517 2345 554 2353 —-
571 2345 609 2352 —
632 2329 672 2358 ist
692 2338 725 2358 es
743 2328 794 2357 bei
811 2326 1007 2368 Thukydides
1027 2328 1076 2357 die
1095 2327 1299 2356 mensehliche
1318 2328 1482 2367 Handlung
1508 2329 1540 2356 in
1565 2327 1651 2356 ihrer
1669 2330 1888 2370 Entwieklung
1905 2341 1960 2360 aus
