2279 2826
1019 113 1071 188 13

311 229 446 277 Verum
469 230 558 263 enim
582 242 663 264 vero
686 243 727 264 ex
755 230 862 277 ipsius
884 231 1047 266 Hecataei
1070 231 1202 275 verbis,
1233 243 1319 278 quae
1341 231 1429 277 apud
1458 230 1543 265 alios
1572 230 1756 276 scriptores
1778 234 1924 272 exsta-t,

175 292 230 336 id,
254 292 284 327 si
307 291 396 340 quid*
413 292 533 337 video,
563 305 661 340 quam
685 293 828 329 maxime
850 294 940 330 effici
964 294 1113 339 videtur,
1143 300 1180 329 ut
1201 307 1264 328 nos
1287 294 1315 328 si
1340 293 1519 328 dilueidam
1538 292 1792 335 ,ac-delinitam,
1821 303 1922 338 quam

174 356 311 390 exhibet
336 356 483 403 scriptor
513 357 746 391 nonnullarum
774 357 951 403 regionum
983 358 1187 392 notationem
1217 364 1369 392 accurate
1399 357 1686 404 reputaverimus,
1717 368 1787 390 non
1809 354 1922 408 possi·¹

176 431 272 464 mus,
303 419 384 466 quin
406 418 516 466 ipsum
540 432 596 454 eas
618 419 794 466 regiones,
819 419 939 461 urbes,
964 421 1110 468 populos
1136 411 1256 455 tisisse
1278 433 1341 467 pro
1365 427 1458 455 certo
1480 425 1647 466 putemus.
1693 418 1792 466 Quae
1816 430 1921 465 quun

173 483 219 516 ita
251 482 318 516 sint
344 482 401 516 vix
433 482 670 526 dubitaverim,
701 483 783 529 quin
812 483 915 517 Ponti
941 484 1042 518 litora
1072 483 1251 530 (Stephan.
1280 484 1424 528 Byzant.
1458 485 1568 518 Κῶλοι
1596 489 1630 517 et
1660 481 1750 528 apud
1772 481 1918 527 eundem
1973 529 1978 533 .

174 540 309 591 Μόσχοι.
333 543 423 591 apud
445 542 561 579 Schol.
584 543 746 591 Apollon.
767 544 879 580 Rhod.
900 545 968 588 lv,
992 547 1076 587 284)
1101 546 1314 592 Aegyptum,
1343 544 1542 579 Oenotriam
1565 544 1685 578 adierit
1708 544 1914 586 Hecataeus,

175 608 296 654 quibus
316 607 345 640 si
361 607 509 652 longiori
531 620 606 641 esse
628 607 708 640 mihi
730 609 795 641 hoc
818 608 895 642 loco
918 608 1047 651 liceret,
1071 609 1169 642 etiam
1192 608 1273 641 alias
1296 615 1406 641 terras
1430 608 1553 641 addere
1575 607 1610 640 in
1633 613 1791 653 promptu
1814 612 1916 640 esset.

175 669 319 713 Libros,
351 668 472 716 quibus
495 674 531 703 ut
554 669 683 715 larg-am
709 669 908 704 eruditionis
930 682 1009 704 suae
1032 670 1163 716 copiam
1188 670 1366 703 memoriae
1392 669 1559 716 prodidit,
1586 669 1633 702 ita
1662 668 1797 701 dicendi
1819 667 1919 701 uben-

173 739 276 768 tatem
299 731 464 779 quandam
486 732 643 775 ostendit,
669 732 756 766 duos
779 732 970 767 condidisse
992 733 1139 776 videtur,
1163 732 1303 766 alterum
1326 732 1540 779 inscriptum:
1563 732 1719 777 Περίοδος
1739 732 1814 777 γῆς,
1837 730 1918 765 alte-

173 809 247 830 rum
269 794 476 840 Γενεαλογίαι
487 794 554 840 ¹⁴).
599 794 650 829 At
672 794 738 828 iam
760 793 1069 830 Alexandrinorum
1094 801 1200 832 aetate
1227 808 1295 829 non
1329 795 1476 833 defuisse
1498 794 1589 837 scio,
1622 794 1679 841 qui
1707 790 1917 840 Περιήγησιν,

157 871 260 906 .quae
283 857 445 892 Hecataei
475 869 549 891 esse
581 869 687 903 usquc
720 857 763 891 ad
792 857 876 891 illud
904 864 1036 904 tempus
1066 859 1178 892 habita
1210 864 1318 900 esset,
1349 858 1390 891 ab
1421 858 1495 903 ipso
1525 870 1604 890 vere
1629 858 1815 902 profectam
1838 869 1915 890 esse

172 928 345 967 negarent.
386 920 513 955 Athen.
535 920 582 955 ΙΙ.
604 934 638 967 p.
658 923 703 955 70
726 920 778 968 ed.
800 918 996 967 Schweigh.
1035 917 1219 964 Ἑκαταῖος
1241 917 1268 957 δ’
1290 917 1306 957 ὄ
1330 917 1489 968 Μιλήσιος
1519 921 1552 956 D
1582 915 1694 962 Ἀσίας
1715 915 1914 966 περιηγήσει,

173 985 203 1021 εἰ
220 980 349 1030 γνήσιον
371 984 428 1018 τοῦ
454 984 662 1028 συγγραφέως
684 980 721 1017 τὸ
747 984 866 1026 βιβλίον
890 984 1121 1029 (Καλλίμαχος
1140 981 1202 1029 γὰρ
1226 981 1304 1018 αὐτὸ
1328 980 1505 1028 ἀναγράφει
1527 980 1716 1027 Νησιώτου)
1739 979 1832 1023 ’ὅστις
1860 977 1915 1017 οὖν

174 1047 259 1083 ἐστὶν
289 1042 304 1081 ὃ
334 1041 493 1090 ποιήσας,
531 1046 615 1090 λέγει
643 1041 725 1080 οὕτω
754 1045 846 1091 ,περὶ
872 1043 933 1092 τὴν
959 1043 1131 1092 Ὑρκανίην
1163 1044 1326 1082 Θάλασσαν
1355 1047 1551 1091 καλευμένην
1585 1041 1681 1090 οὔρεα
1708 1040 1825 1090 ὑψηλὰ
1857 1043 1916 1080 καὶ

174 1110 278 1145 δασέα
297 1104 415 1153 ῧλῃσι,
443 1106 496 1142 ἐπὶ
521 1107 558 1142 δὲ
587 1113 688 1142 τοῖσιν
717 1103 837 1153 οὔρεσιν
869 1105 997 1144 ἄκανθα
1018 1105 1163 1153 κυνάρα“
1194 1109 1303 1149 (conf.
1326 1108 1447 1141 librum
1471 1107 1601 1140 Ukertii
1624 1107 1799 1152 egregium
1822 1112 1856 1140 et
1877 1106 1913 1139 in

172 1171 344 1206 doctrinae
366 1176 400 1205 et
420 1169 457 1204 in
479 1170 606 1216 ingenii
629 1170 745 1214 laude,
772 1171 830 1217 qui
852 1171 1062 1205 inscribitur=
1098 1171 1402 1216 Untersuchungen
1426 1170 1510 1204 uber
1533 1169 1588 1203 die
1610 1167 1829 1215 Geographie
1853 1168 1914 1203 des

173 1233 364 1268 Hecataeus
390 1231 459 1265 und
480 1231 657 1265 Damastes
683 1231 833 1267 Wimar.
860 1235 975 1274 1814).
1029 1234 1081 1267 De
1110 1245 1175 1279 qua
1206 1233 1402 1267 Callimachi
1430 1232 1637 1265 dubitatione
1667 1232 1824 1277 quoniam
1854 1232 1913 1277 qni

172 1294 334 1330 Hecataei
348 1285 545 1339 *fragmenta
567 1294 705 1340 collegit
727 1294 932 1329 Klausenius
955 1308 1025 1329 non
1046 1295 1110 1336 ita,
1133 1301 1169 1329 nt
1192 1295 1364 1341 ceteroqui
1388 1295 1536 1337 solebat,
1561 1293 1742 1339 diligenter
1767 1293 1914 1327 disseru-

171 1358 239 1391 isse
267 1357 347 1390 mihi
376 1356 589 1400 videtui-²⁵),
623 1369 733 1402 neque
763 1370 846 1391 vero
872 1370 937 1402 ego
967 1359 1033 1391 hoc
1062 1357 1136 1391 loco
1165 1371 1237 1391 rem
1266 1370 1321 1400 ea,
1357 1370 1456 1403 quam
1488 1356 1636 1402 postulat
1670 1356 1743 1390 eius
1774 1355 1912 1401 generis

174 1419 338 1467 quaestio,
363 1418 536 1465 diligentia
558 1423 614 1453 aut
636 1418 735 1453 altius
758 1425 912 1466 repetere
935 1425 991 1454 aut
1015 1419 1145 1467 prolixe
1169 1420 1329 1467 expedire
1352 1431 1506 1466 possum,
1529 1431 1635 1466 pauca
1658 1431 1744 1465 quae
1767 1417 1913 1452 meditor

171 1480 369 1528 propediem
402 1480 438 1513 in
472 1480 581 1513 lucem
615 1481 767 1514 emittere
799 1481 835 1514 in
869 1481 980 1515 animo
1007 1488 1067 1516 est.
1116 1482 1188 1515 lam
1217 1495 1282 1527 ego
1312 1482 1455 1527 quidem·
1474 1494 1673 1526 quamquam
1703 1482 1912 1514 Hecataeum

172 1544 342 1588 aliquanto
364 1542 562 1588 prudentius
581 1542 720 1589 reliquis
742 1542 965 1589 logographis
987 1543 1139 1578 omnibus
1162 1557 1230 1586 res,
1254 1556 1336 1590 quas
1357 1543 1537 1586 scriberet,
1562 1548 1808 1589 perscrutatum
1835 1554 1911 1576 esse

173 1611 274 1653 atque
297 1603 400 1649 adeo,
424 1617 526 1651 quum
549 1616 612 1651 pro
635 1617 676 1639 eo
701 1610 860 1652 quantum
882 1605 974 1639 illius
997 1605 1112 1640 aetatis
1133 1606 1286 1640 homines
1309 1605 1433 1639 iudicio
1455 1604 1627 1646 valebant,
1653 1617 1775 1638 >causas
1797 1616 1912 1637 rerum

171 1680 211 1701 ae
234 1668 381 1700 rationes
405 1667 486 1700 satis
508 1667 629 1700 acriter
651 1668 842 1712 intellig-ere
864 1669 1032 1712 studeret,
1061 1669 1215 1703 creticam
1246 1669 1389 1714 aliquam
1417 1674 1522 1701 artem
1551 1668 1594 1701 ad
1615 1680 1671 1701 res
1693 1674 1807 1713 gestas
1830 1667 1912 1702 seri-

172 1728 300 1764 bendas
319 1727 511 1763 adhibuisse
530 1728 666 1763 minime
680 1728 814 1775 ignoro,
838 1735 950 1764 tamen
971 1729 1007 1764 in
1029 1742 1144 1765 eorum
1167 1719 1364 1764 sententiani
1385 1729 1435 1763 ire
1457 1741 1526 1762 non
1548 1740 1700 1775 possum,
1724 1728 1783 1776 qui
1807 1741 1912 1775 quum

172 1792 336 1825 insulsum
361 1791 445 1824 illud
468 1792 621 1836 quidem,
659 1805 726 1837 quo
749 1792 852 1826 ceteri
875 1799 1067 1836 uterentur,
1102 1806 1214 1827 rerum
1244 1793 1492 1827 scribendarum
1523 1804 1649 1837 genus,
1683 1792 1796 1826 multis
1825 1792 1911 1826 loeis

172 1854 378 1887 Hecataeum
401 1853 620 1899 dereliquisse
643 1853 805 1888 vidissent
827 1860 927 1901 atque
948 1854 1051 1889 iidem
1071 1855 1105 1888 id
1128 1855 1308 1901 praecipue
1331 1854 1550 1900 respicerent,
1575 1854 1666 1900 quod
1685 1854 1774 1900 apud
1787 1854 1910 1888 Deme·

171 1915 272 1950 trium
295 1914 338 1949 de
359 1914 481 1949 clocut.
504 1916 602 1960 §.12
630 1921 746 1950 noster
767 1916 809 1949 de
832 1928 892 1950 sua
923 1917 998 1963 ipse
1019 1917 1178 1951 historiae
1203 1916 1424 1951 instituendae
1447 1916 1577 1949 ratione
1599 1916 1787 1962 speciosius
1811 1929 1911 1962 quam

170 1977 283 2012 verius
314 1977 493 2023 profitens:
520 1967 570 2013 ’τοὶ
593 1977 629 2013 δὲ
649 1974 779 2023 γράφω,
807 1979 937 2025 inquit,
969 1975 1016 2021 ὥς
1039 1993 1095 2025 μοι
1116 1975 1238 2025 ἀληθέα
1260 1981 1364 2015 δοκέει
1387 1976 1475 2014 εἶναι·
1498 1978 1530 2013 οἱ
1551 1974 1614 2023 γὰρ
1633 1975 1800 2025 Ἑλλήνων
1822 1975 1912 2023 λόγοι

391 2070 436 2107 ¹⁴)
468 2070 613 2099 Hecataei
633 2071 744 2100 Milesii
767 2072 936 2111 fragmenta
955 2073 1000 2102 ed.
1020 2074 1055 2103 R.
1074 2073 1111 2102 Η.
1130 2073 1322 2102 Rlauscnius.
1361 2072 1463 2101 Berol.
1483 2072 1563 2101 1831.
1591 2089 1630 2094 —
1655 2071 1837 2110 Fragmenta
1857 2073 1910 2101 ffi-

466 2126 648 2154 storicorum
667 2127 853 2156 Graecorum
873 2129 918 2156 ed.
939 2129 1008 2158 Car.
1028 2133 1061 2158 et
1079 2129 1195 2158 Theod.
1214 2129 1346 2158 Miilleri.
1385 2129 1508 2157 Parisiis
1527 2128 1751 2157 mcccxm.

392 2182 437 2218 ²⁵)
465 2182 547 2211 Idem
573 2182 656 2220 quod
681 2192 736 2221 ego
763 2182 821 2211 hoc
846 2183 884 2212 de
906 2185 1028 2214 nominc
1053 2185 1122 2213 libri
1148 2184 1291 2213 fflausen.
1317 2184 1461 2213 Can-olum
1488 2189 1519 2213 et
1541 2183 1737 2213 Theodorum
1756 2184 1905 2213 Miillcros

466 2247 512 2264 vv.
535 2237 582 2265 dd.
603 2238 751 2266 indicasse
770 2239 874 2266 videoz
896 2239 1080 2276 Fragmentt.
1102 2240 1279 2268 Historricc.
1299 2241 1450 2268 Graecorr
1475 2250 1502 2278 p.
1525 2240 1607 2268 xm.
1645 2239 1787 2271 „Vellem
1807 2241 1909 2277 paullo

466 2293 634 2322 accuratius
653 2293 685 2321 in
704 2293 781 2321 hanc
801 2303 863 2322 rem
887 2294 1093 2332 inquisivisset
1112 2294 1296 2323 xlm-senius
1317 2300 1394 2323 cte.“

1654 2350 1672 2375 4
