2279 2826
1032 99 1059 153 '7⁴
1356 97 1374 116 0

173 223 394 271 disciplinam»
414 223 442 257 si
471 223 547 271 quis
570 230 705 271 appetat
731 225 946 272 vehementer
967 230 1074 268 erret,
1105 224 1133 259 si
1157 224 1192 258 in
1216 236 1326 258 rerum
1349 231 1519 270 gestarum
1543 224 1746 271 sriptoribus
1770 224 1919 271 optimae

170 273 271 322 nolae
300 293 334 321 et
361 286 478 321 aetatis
508 285 599 321 mera
627 293 806 335 praecepta
835 299 872 322 se
898 293 1109 335 reperturum
1138 287 1263 322 eredat.
1313 285 1434 333 Neque
1462 286 1551 321 enim
1580 287 1756 334 quisquam
1787 299 1916 330 eorum,

171 349 230 397 qui
253 349 468 384 historiarum
494 349 600 384 libros
626 349 863 394 condiderunt,
897 350 962 384 nisi
991 350 1128 396 ignarus
1159 350 1207 384 rei
1238 349 1411 395 divnitatis
1435 356 1468 384 et
1492 362 1615 397 expers
1637 349 1712 397 ipse
1733 350 1916 385 historicae

170 412 252 447 artis
275 391 358 457 funt,
388 412 477 447 hune
500 412 750 448 scribendarum
778 425 890 447 rerum
918 413 1018 447 linem
1044 413 1108 447 sibi
1138 413 1407 447 constituendum
1438 412 1617 447 arbitratus
1647 419 1718 456 est,
1750 418 1787 447 ut
1809 412 1914 447 multo

169 475 277 522 magis
301 475 559 522 disputationem
583 477 759 523 quandam,
784 488 849 523 qua
872 489 983 511 mores
1007 476 1189 522 legentium
1213 476 1545 522 conromentur‚qn
1500 488 1599 529 ‘1⁰⁸⁰'
1624 475 1798 513 historiam
1820 475 1915 510 insti·

168 542 287 572 tueret.
332 538 464 572 Verum
485 539 550 573 boe
572 539 649 573 loeo
673 539 852 597 Polybium
875 551 945 573 non
966 536 1142 573 taeenduin
1166 545 1267 585 puto,
1292 539 1348 585 qui
1373 539 1480 581 idem,
1516 551 1617 585 quum
1640 539 1714 585 ipse
1737 539 1913 573 historiam

168 600 284 636 critica
306 600 436 636 ratione
457 607 632 646 tractaret,
669 594 768 648 atque
791 600 962 635 hominum
986 595 1164 647 quidquid
1174 606 1264 635 esset
1292 601 1491 647 sapientium
1514 601 1556 634 ad
1579 601 1718 634 eandem
1747 601 1911 635 rationem

167 664 429 710 amplectendam
459 676 566 710 usque
599 664 847 706 adhortaretur,
885 663 1132 698 severissimum
1162 663 1368 710 reliquorum
1397 663 1633 698 historicorum
1662 675 1841 698 censorem
1873 676 1911 698 se

105 765 109 769 ⁴
167 726 327 761 exhibuit.
378 725 464 760 Nam
486 726 558 760 eius
583 739 670 773 opus
690 725 841 773 quamvis
863 724 976 759 multis
999 737 1079 760 sune
1101 726 1249 760 numeris
1272 726 1315 759 sit
1338 725 1476 759 summis
1500 725 1656 759 laudibus
1681 725 1840 771 dignum,
1874 733 1910 760 ut

166 788 255 822 haud
280 794 405 822 temere
432 779 708 822 Hemsterhnsius
732 792 823 821 tauta
851 787 1028 834 scriptoris
1055 788 1273 821 admiratione
1303 794 1421 833 eaptus
1444 794 1551 830 esset,
1582 794 1618 821 ut
1641 788 1670 821 si
1693 787 1767 821 lieri
1793 795 1910 833 posset

166 864 267 885 unum
296 851 368 885 eius
395 851 517 885 librum
547 851 758 897 deperditum
787 849 945 897 plaustris
974 850 1184 885 homiliarum
1207 848 1275 885 SS.
1298 850 1437 884 Patrum
1461 849 1625 884 redimere
1649 849 1766 893 vellet,
1797 856 1908 884 tamen

165 915 245 958 hoe,
273 914 363 961 quod
386 914 486 949 modo
513 913 600 958 dixi,
623 913 758 948 nomine
780 913 940 948 historiae
963 918 1114 947 naturam
1137 926 1253 961 parum
1277 913 1484 947 intellexisse
1507 913 1640 947 videtur
1655 914 1702 954 ⁸⁰)
1725 934 1766 938 —
1789 913 1908 959 ltaque

166 963 321 1024 quoniam
345 978 426 1010 haee
455 990 522 1010 non
551 989 616 1022 ago
643 977 732 1010 inter
759 976 931 1019 homines,
961 976 1018 1022 qui
1047 977 1199 1023 antiquas
1230 977 1343 1010 literas
1373 977 1487 1010 nescio
1517 990 1558 1010 an
1584 976 1709 1010 maiore
1733 976 1907 1011 inscientia

165 1052 263 1086 quam
286 1040 375 1073 inani
399 1040 556 1086 superbia
579 1039 784 1085 despiciant,
815 1039 845 1073 si
867 1052 933 1085 ego
955 1044 1098 1085 propter
1120 1038 1290 1085 singulare
1322 1038 1422 1073 animi
1448 1038 1512 1073 mei
1536 1038 1577 1073 de
1601 1024 1800 1085 Thucydide
1824 1039 1908 1072 iudi·

165 1102 252 1137 cium
280 1098 528 1148 praedieatione
557 1102 629 1137 eius
659 1101 840 1137 iustissima
867 1114 921 1136 me
950 1114 1019 1136 non
1049 1101 1261 1144 abstinuero,
1293 1114 1361 1135 nou
1387 1100 1570 1135 timendum
1600 1102 1680 1135 mihi
1708 1114 1784 1135 esse
1809 1109 1904 1148 puto,

164 1176 207 1199 ue
229 1168 284 1199 aut
306 1163 467 1215 invidium
490 1162 833 1211 obtrectatione-utque
856 1165 1065 1210 quorundam
1091 1165 1256 1197 excitasse
1285 1171 1341 1197 aut
1368 1165 1443 1208 ipse
1471 1164 1559 1197 iusto
1588 1165 1750 1198 maiorem
1772 1163 1906 1209 Thucy-

164 1228 251 1261 didis
274 1227 416 1272 gloriam
439 1227 564 1262 dixisse
587 1226 711 1262 videar.

295 1286 486 1334 Singularis
508 1294 560 1322 est
583 1294 616 1323 et
639 1288 924 1336 prsestantissima
946 1289 1052 1322 virtus
1073 1289 1170 1331 libri,
1202 1300 1301 1334 quem
1325 1288 1540 1333 Thucydides
1563 1290 1605 1322 de
1627 1289 1718 1322 bello
1742 1290 1907 1335 pelopon-

164 1352 297 1385 nesiseo
320 1352 530 1397 composuit,
554 1358 590 1385 nt
613 1351 641 1384 si
665 1352 741 1397 quis
762 1351 828 1385 iam
851 1351 960 1397 primo
984 1351 1094 1385 statim
1117 1350 1215 1385 huius
1238 1363 1330 1385 meae
1355 1350 1663 1385 dissertatiunculae
1685 1349 1825 1385 introitu
1850 1364 1904 1386 me

163 1426 269 1448 meam
298 1419 397 1460 roget
425 1413 621 1448 Sententiam
651 1413 808 1448 audacter
839 1413 1012 1460 libereque
1042 1413 1193 1460 profiteri
1227 1413 1366 1447 audeam
1398 1413 1487 1447 idem
1515 1413 1557 1447 de
1587 1413 1749 1447 historico
1777 1426 1904 1459 genere

163 1476 389 1522 Thucydidis,
414 1478 504 1522 qnod
528 1478 747 1510 Ruhnkenius
770 1477 812 1510 de
832 1476 980 1510 oratorio
1005 1476 1242 1510 Demosthenis
1266 1476 1422 1511 indicavit
1437 1477 1500 1518 ¹¹):
1522 1475 1556 1510 in
1577 1475 1776 1525 Thucydide
1797 1482 1903 1511 artem
1957 1515 1960 1519 ¹

161 1538 353 1574 historicam
376 1540 418 1575 ad
441 1545 567 1575 tantum
591 1539 762 1586 fastigium
786 1551 823 1573 se
845 1538 1006 1573 extulisse
1027 1538 1107 1572 mihi
1128 1538 1248 1582 videri,
1274 1545 1310 1572 ut
1333 1538 1420 1572 ultra
1443 1550 1510 1585 quo
1532 1538 1809 1585 progrederetur,
1833 1552 1902 1573 non

161 1601 268 1636 dicam
290 1600 378 1648 apud
403 1608 533 1640 veteres
556 1601 707 1636 Graecos
732 1603 828 1645 illos,
858 1603 918 1635 sed
942 1589 1030 1648 apud
1053 1615 1168 1635 omnes
1192 1603 1347 1644 omnino,
1377 1609 1536 1648 quantum
1565 1615 1632 1647 ego
1662 1601 1798 1648 quidem
1827 1615 1903 1648 per-

155 1665 287 1711 spicio,
321 1665 468 1699 omnium
499 1665 707 1699 saeculorum
739 1671 858 1711 gentes
870 1658 893 1708 ,’
915 1677 1000 1711 quae
1032 1664 1165 1711 quidem
1197 1677 1330 1699 suarum
1367 1677 1479 1699 rerum
1513 1663 1801 1712 pronuntiatorem
1835 1663 1903 1699 sint

160 1733 296 1771 nactae,
329 1739 398 1761 uon
429 1726 568 1761 haberet
585 1728 642 1769 ¹²).
687 1728 773 1761 Cum
809 1720 925 1761 omnes
960 1733 1048 1760 artes
1076 1739 1113 1759 ac
1144 1715 1341 1773 disciplinae
1370 1733 1404 1760 et
1433 1727 1598 1772 originem
1635 1739 1727 1760 snam
1760 1726 1902 1761 Graecis

304 1807 318 1821 ο
383 1795 425 1830 ¹⁰)
453 1795 490 1823 ef.
513 1795 548 1823 R.
568 1796 623 1824 W.
644 1796 830 1824 Nitzsehium
849 1805 965 1827 meum,
993 1796 1045 1832 qui
1065 1795 1228 1832 dffigenter
1247 1800 1278 1824 et
1297 1795 1453 1833 ingeniose
1479 1795 1516 1823 de
1539 1794 1666 1834 Polybio
1686 1799 1777 1833 atque
1801 1795 1839 1823 de
1860 1795 1903 1824 hi-

454 1851 566 1879 storico
593 1851 658 1879 eius
684 1860 777 1889 opere
804 1850 950 1879 disseruit
977 1850 1098 1881 libello,
1121 1850 1173 1888 qui
1202 1850 1381 1878 inscribitur
1405 1850 1580 1889 „Polybium
1629 1850 1691 1878 Zur
1717 1852 1901 1879 Geschiehte

454 1907 573 1935 antiker
593 1907 705 1936 Politik
727 1907 791 1935 und
811 1906 1082 1944 Historiograpbie.
1121 1905 1189 1934 mel
1211 1905 1311 1934 1842“

383 1961 424 1998 ¹¹)
452 1961 589 1991 Historia
611 1962 714 1991 critica
733 1966 889 1990 oratorum
908 1970 1094 1999 graecorum.

383 2019 426 2054 ¹¹)
456 2019 489 2046 C.
513 2019 660 2047 Odofred.
686 2019 801 2047 Miiller
830 2019 849 2046 1.
877 2018 913 2046 1.·
926 2027 954 2055 p.
987 2012 1051 2047 853.
1085 2017 1164 2050 „nie
1195 2027 1310 2047 neuere
1337 2017 1601 2057 Historiogrnphie
1628 2018 1706 2046 wird
1731 2017 1797 2047 sich
1817 2018 1902 2048 diese

455 2073 735 2113 Durehsiehtigkeit
760 2073 816 2101 der
841 2064 1128 2112 Thukydideisehen
1155 2073 1356 2111 Darstellung
1383 2073 1490 2100 immet
1519 2083 1588 2101 zum
1617 2074 1738 2102 Muster
1770 2075 1902 2102 neh-en

457 2133 597 2164 iniissen,
624 2131 698 2159 aher
723 2140 756 2159 es
780 2129 860 2159 wird
883 2129 933 2160 ihr
953 2129 1003 2158 hei
1031 2129 1086 2160 der
1106 2128 1278 2169 Trennung
1303 2128 1455 2159 zwisehen
1480 2129 1660 2168 populirem
1679 2129 1810 2159 Wisseu
1839 2130 1903 2159 und

456 2186 650 2215 bestimmten
668 2185 882 2217 Faehstudien,
901 2185 950 2215 bei
970 2185 1030 2213 den
1048 2186 1292 2222 eomplieirteren
1310 2180 1555 2224 Einrie‘htungen
1573 2187 1628 2214 des
1646 2190 1764 2214 neuern
1781 2187 1902 2215 Lebens

457 2243 521 2272 und
540 2243 610 2272 weil
629 2237 725 2271 selbst
749 2243 782 2271 in
805 2242 864 2271 den
887 2241 1035 2271 freiesten
1059 2242 1182 2270 Sta-ten
1207 2252 1337 2270 unsel-er
1363 2240 1515 2281 Zeitsieh
1535 2252 1569 2271 so
1590 2241 1693 2270 violes
1711 2241 1768 2270 der
1787 2232 1919 2271 Oai-nt?

458 2298 584 2328 liehkeit
613 2298 719 2327 immer
747 2296 826 2326 noch
850 2296 938 2324 mehr
958 2296 1096 2325 eutzieht
1125 2298 1169 2325 als
1198 2298 1237 2325 im
1264 2299 1345 2325 alten
1371 2291 1495 2334 Sparta,
1524 2298 1602 2326 iiber
1629 2298 1737 2326 dessen
1764 2299 1902 2335 geheime
