<?xml version="1.0" encoding="UTF-8"?>
<!DOCTYPE html PUBLIC "-//W3C//DTD XHTML 1.0 Transitional//EN"
    "http://www.w3.org/TR/xhtml1/DTD/xhtml1-transitional.dtd">
<html xmlns="http://www.w3.org/1999/xhtml" xml:lang="en" lang="en">
 <head>
  <title>
</title>
<meta http-equiv="Content-Type" content="text/html;charset=utf-8" />
  <meta name='ocr-system' content='tesseract 3.04.00' />
  <meta name='ocr-capabilities' content='ocr_page ocr_carea ocr_par ocr_line ocrx_word'/>
</head>
<body>
  <div class='ocr_page' id='page_1' title='image "4624120_0035.png"; bbox 0 0 2259 2943; ppageno 0'>
   <div class='ocr_carea' id='block_1_1' title="bbox 1109 172 1167 218">
    <p class='ocr_par' dir='ltr' id='par_1_1' title="bbox 1109 172 1167 218">
     <span class='ocr_line' id='line_1_1' title="bbox 1109 172 1167 218; baseline 0 0"><span class='ocrx_word' id='word_1_1' title='bbox 1109 172 1167 218; x_wconf 81' lang='lat'><strong>28</strong></span> 
     </span>
    </p>
   </div>
   <div class='ocr_carea' id='block_1_2' title="bbox 260 284 2010 1713">
    <p class='ocr_par' dir='ltr' id='par_1_2' title="bbox 260 284 2010 1323">
     <span class='ocr_line' id='line_1_2' title="bbox 262 284 2010 335; baseline -0.001 -15"><span class='ocrx_word' id='word_1_2' title='bbox 262 293 417 321; x_wconf 74' lang='lat' dir='ltr'><strong>aeternae</strong></span> <span class='ocrx_word' id='word_1_3' title='bbox 438 287 548 321; x_wconf 89' lang='lat' dir='ltr'><strong>laudis</strong></span> <span class='ocrx_word' id='word_1_4' title='bbox 572 288 759 322; x_wconf 83' lang='lat' dir='ltr'><strong>studiosum</strong></span> <span class='ocrx_word' id='word_1_5' title='bbox 772 289 826 332; x_wconf 70' lang='grc' dir='ltr'><strong>ω)</strong></span> <span class='ocrx_word' id='word_1_6' title='bbox 849 289 1048 331; x_wconf 74' lang='lat' dir='ltr'>admiratur,</span> <span class='ocrx_word' id='word_1_7' title='bbox 1078 289 1295 335; x_wconf 88' lang='lat' dir='ltr'><strong>eiusdemque</strong></span> <span class='ocrx_word' id='word_1_8' title='bbox 1318 288 1352 322; x_wconf 89' lang='lat' dir='ltr'><strong>in</strong></span> <span class='ocrx_word' id='word_1_9' title='bbox 1376 288 1519 322; x_wconf 89' lang='lat' dir='ltr'><strong>dicendo</strong></span> <span class='ocrx_word' id='word_1_10' title='bbox 1546 287 1745 334; x_wconf 84' lang='lat' dir='ltr'><strong>gravitatem</strong></span> <span class='ocrx_word' id='word_1_11' title='bbox 1767 293 1802 321; x_wconf 89' lang='lat' dir='ltr'><strong>et</strong></span> <span class='ocrx_word' id='word_1_12' title='bbox 1824 284 2010 333; x_wconf 77' lang='lat' dir='ltr'><strong>perspicui·</strong></span> 
     </span>
     <span class='ocr_line' id='line_1_3' title="bbox 260 348 2006 399; baseline -0.001 -16"><span class='ocrx_word' id='word_1_13' title='bbox 260 355 361 384; x_wconf 85' lang='lat' dir='ltr'><strong>tatem</strong></span> <span class='ocrx_word' id='word_1_14' title='bbox 384 349 539 396; x_wconf 86' lang='lat' dir='ltr'><strong>agnoscit</strong></span> <span class='ocrx_word' id='word_1_15' title='bbox 549 350 623 396; x_wconf 78' lang='lat'><strong>⁵⁴),</strong></span> <span class='ocrx_word' id='word_1_16' title='bbox 648 350 793 398; x_wconf 88' lang='lat' dir='ltr'><strong>denique</strong></span> <span class='ocrx_word' id='word_1_17' title='bbox 816 351 955 386; x_wconf 87' lang='lat' dir='ltr'><strong>summis</strong></span> <span class='ocrx_word' id='word_1_18' title='bbox 978 363 1072 395; x_wconf 89' lang='lat' dir='ltr'><strong>enm,</strong></span> <span class='ocrx_word' id='word_1_19' title='bbox 1095 351 1218 399; x_wconf 87' lang='lat' dir='ltr'><strong>quibus</strong></span> <span class='ocrx_word' id='word_1_20' title='bbox 1241 351 1364 397; x_wconf 87' lang='lat' dir='ltr'><strong>dignus</strong></span> <span class='ocrx_word' id='word_1_21' title='bbox 1388 356 1458 393; x_wconf 85' lang='lat' dir='ltr'><strong>est,</strong></span> <span class='ocrx_word' id='word_1_22' title='bbox 1481 350 1636 385; x_wconf 75' lang='lat' dir='ltr'>laudibus</span> <span class='ocrx_word' id='word_1_23' title='bbox 1662 348 1889 397; x_wconf 76' lang='lat' dir='ltr'><strong>prosequitur,</strong></span> <span class='ocrx_word' id='word_1_24' title='bbox 1915 360 2006 382; x_wconf 79' lang='lat' dir='ltr'><strong>eum·</strong></span> 
     </span>
     <span class='ocr_line' id='line_1_4' title="bbox 261 412 2005 460; baseline 0 -15"><span class='ocrx_word' id='word_1_25' title='bbox 261 424 325 457; x_wconf 89' lang='lat' dir='ltr'><strong>que</strong></span> <span class='ocrx_word' id='word_1_26' title='bbox 349 419 518 458; x_wconf 77' lang='lat' dir='ltr'>tamqnam</span> <span class='ocrx_word' id='word_1_27' title='bbox 541 414 715 460; x_wconf 85' lang='lat' dir='ltr'><strong>exemplar</strong></span> <span class='ocrx_word' id='word_1_28' title='bbox 738 415 887 457; x_wconf 79' lang='lat' dir='ltr'><strong>exhibet,</strong></span> <span class='ocrx_word' id='word_1_29' title='bbox 913 415 1001 460; x_wconf 91' lang='lat' dir='ltr'><strong>quod</strong></span> <span class='ocrx_word' id='word_1_30' title='bbox 1023 415 1080 460; x_wconf 91' lang='lat' dir='ltr'><strong>qui</strong></span> <span class='ocrx_word' id='word_1_31' title='bbox 1105 421 1224 460; x_wconf 89' lang='lat' dir='ltr'><strong>postea</strong></span> <span class='ocrx_word' id='word_1_32' title='bbox 1246 415 1287 448; x_wconf 90' lang='lat' dir='ltr'><strong>ad</strong></span> <span class='ocrx_word' id='word_1_33' title='bbox 1310 427 1366 448; x_wconf 89' lang='lat' dir='ltr'><strong>res</strong></span> <span class='ocrx_word' id='word_1_34' title='bbox 1389 414 1584 448; x_wconf 84' lang='lat' dir='ltr'><strong>scribendas</strong></span> <span class='ocrx_word' id='word_1_35' title='bbox 1606 426 1682 448; x_wconf 78' lang='lat' dir='ltr'><strong>sese</strong></span> <span class='ocrx_word' id='word_1_36' title='bbox 1705 412 1858 447; x_wconf 89' lang='lat' dir='ltr'><strong>collaturi</strong></span> <span class='ocrx_word' id='word_1_37' title='bbox 1880 417 2005 454; x_wconf 81' lang='lat' dir='ltr'><strong>esseut,</strong></span> 
     </span>
     <span class='ocr_line' id='line_1_5' title="bbox 262 473 2007 523; baseline 0.001 -16"><span class='ocrx_word' id='word_1_38' title='bbox 262 474 421 508; x_wconf 90' lang='lat' dir='ltr'><strong>imitando</strong></span> <span class='ocrx_word' id='word_1_39' title='bbox 453 475 482 509; x_wconf 92' lang='lat' dir='ltr'><strong>si</strong></span> <span class='ocrx_word' id='word_1_40' title='bbox 509 482 671 522; x_wconf 82' lang='lat' dir='ltr'><strong>possent,</strong></span> <span class='ocrx_word' id='word_1_41' title='bbox 701 476 863 523; x_wconf 78' lang='lat' dir='ltr'><strong>consequi</strong></span> <span class='ocrx_word' id='word_1_42' title='bbox 897 477 1029 511; x_wconf 87' lang='lat' dir='ltr'><strong>studere</strong></span> <span class='ocrx_word' id='word_1_43' title='bbox 1059 477 1232 511; x_wconf 83' lang='lat' dir='ltr'><strong>deberent.</strong></span> <span class='ocrx_word' id='word_1_44' title='bbox 1285 477 1333 511; x_wconf 77' lang='lat' dir='ltr'><strong>At</strong></span> <span class='ocrx_word' id='word_1_45' title='bbox 1365 488 1564 523; x_wconf 88' lang='lat' dir='ltr'><strong>quamquam</strong></span> <span class='ocrx_word' id='word_1_46' title='bbox 1591 474 1776 509; x_wconf 86' lang='lat' dir='ltr'><strong>Lucianum</strong></span> <span class='ocrx_word' id='word_1_47' title='bbox 1798 486 1940 521; x_wconf 87' lang='lat' dir='ltr'><strong>aequum</strong></span> <span class='ocrx_word' id='word_1_48' title='bbox 1964 473 2007 508; x_wconf 84' lang='lat' dir='ltr'><strong>de</strong></span> 
     </span>
     <span class='ocr_line' id='line_1_6' title="bbox 262 536 2008 586; baseline 0.001 -16"><span class='ocrx_word' id='word_1_49' title='bbox 262 536 462 584; x_wconf 74' lang='lat' dir='ltr'><strong>Thucydide</strong></span> <span class='ocrx_word' id='word_1_50' title='bbox 496 545 530 572; x_wconf 87' lang='lat' dir='ltr'><strong>et</strong></span> <span class='ocrx_word' id='word_1_51' title='bbox 561 551 629 585; x_wconf 90' lang='lat' dir='ltr'><strong>quo</strong></span> <span class='ocrx_word' id='word_1_52' title='bbox 658 545 730 573; x_wconf 87' lang='lat' dir='ltr'><strong>erat</strong></span> <span class='ocrx_word' id='word_1_53' title='bbox 760 539 881 573; x_wconf 88' lang='lat' dir='ltr'><strong>mentis</strong></span> <span class='ocrx_word' id='word_1_54' title='bbox 913 539 1061 574; x_wconf 75' lang='lat' dir='ltr'><strong>acumine</strong></span> <span class='ocrx_word' id='word_1_55' title='bbox 1073 540 1124 582; x_wconf 77' lang='lat'><strong>⁸⁶)</strong></span> <span class='ocrx_word' id='word_1_56' title='bbox 1154 545 1309 586; x_wconf 87' lang='lat' dir='ltr'><strong>argutum</strong></span> <span class='ocrx_word' id='word_1_57' title='bbox 1338 539 1497 573; x_wconf 89' lang='lat' dir='ltr'><strong>iudicium</strong></span> <span class='ocrx_word' id='word_1_58' title='bbox 1525 544 1626 584; x_wconf 91' lang='lat' dir='ltr'><strong>atque</strong></span> <span class='ocrx_word' id='word_1_59' title='bbox 1647 537 1860 584; x_wconf 83' lang='lat' dir='ltr'><strong>ingeniosum</strong></span> <span class='ocrx_word' id='word_1_60' title='bbox 1884 536 2008 571; x_wconf 75' lang='lat' dir='ltr'><strong>fecisse</strong></span> 
     </span>
     <span class='ocr_line' id='line_1_7' title="bbox 261 599 2008 649; baseline 0 -16"><span class='ocrx_word' id='word_1_61' title='bbox 261 599 431 644; x_wconf 87' lang='lat' dir='ltr'><strong>videmus,</strong></span> <span class='ocrx_word' id='word_1_62' title='bbox 462 607 575 635; x_wconf 88' lang='lat' dir='ltr'><strong>tamen</strong></span> <span class='ocrx_word' id='word_1_63' title='bbox 603 601 707 636; x_wconf 89' lang='lat' dir='ltr'><strong>multa</strong></span> <span class='ocrx_word' id='word_1_64' title='bbox 736 615 842 649; x_wconf 91' lang='lat' dir='ltr'><strong>eaque</strong></span> <span class='ocrx_word' id='word_1_65' title='bbox 870 603 958 637; x_wconf 86' lang='lat' dir='ltr'><strong>baud</strong></span> <span class='ocrx_word' id='word_1_66' title='bbox 985 602 1144 636; x_wconf 86' lang='lat' dir='ltr'><strong>levissimi</strong></span> <span class='ocrx_word' id='word_1_67' title='bbox 1168 602 1326 636; x_wconf 89' lang='lat' dir='ltr'><strong>momenti</strong></span> <span class='ocrx_word' id='word_1_68' title='bbox 1357 614 1432 635; x_wconf 88' lang='lat' dir='ltr'><strong>esse</strong></span> <span class='ocrx_word' id='word_1_69' title='bbox 1463 601 1538 647; x_wconf 88' lang='lat' dir='ltr'><strong>quis</strong></span> <span class='ocrx_word' id='word_1_70' title='bbox 1568 600 1760 646; x_wconf 72' lang='lat' dir='ltr'><strong>negaverit,</strong></span> <span class='ocrx_word' id='word_1_71' title='bbox 1794 612 1879 646; x_wconf 86' lang='lat' dir='ltr'><strong>quae</strong></span> <span class='ocrx_word' id='word_1_72' title='bbox 1902 599 1944 634; x_wconf 88' lang='lat' dir='ltr'><strong>ab</strong></span> <span class='ocrx_word' id='word_1_73' title='bbox 1966 611 2008 633; x_wconf 91' lang='lat' dir='ltr'><strong>eo</strong></span> 
     </span>
     <span class='ocr_line' id='line_1_8' title="bbox 263 662 2007 710; baseline 0 -15"><span class='ocrx_word' id='word_1_74' title='bbox 263 669 319 696; x_wconf 88' lang='lat' dir='ltr'><strong>aut</strong></span> <span class='ocrx_word' id='word_1_75' title='bbox 342 663 444 696; x_wconf 85' lang='lat' dir='ltr'><strong>nimis</strong></span> <span class='ocrx_word' id='word_1_76' title='bbox 467 663 618 697; x_wconf 84' lang='lat' dir='ltr'><strong>breviter</strong></span> <span class='ocrx_word' id='word_1_77' title='bbox 641 664 820 709; x_wconf 83' lang='lat' dir='ltr'><strong>perstricta</strong></span> <span class='ocrx_word' id='word_1_78' title='bbox 843 671 899 698; x_wconf 89' lang='lat' dir='ltr'><strong>aut</strong></span> <span class='ocrx_word' id='word_1_79' title='bbox 921 665 1017 698; x_wconf 86' lang='lat' dir='ltr'><strong>etiam</strong></span> <span class='ocrx_word' id='word_1_80' title='bbox 1040 665 1140 710; x_wconf 92' lang='lat' dir='ltr'><strong>plane</strong></span> <span class='ocrx_word' id='word_1_81' title='bbox 1162 665 1285 698; x_wconf 86' lang='lat' dir='ltr'><strong>intacta</strong></span> <span class='ocrx_word' id='word_1_82' title='bbox 1315 663 1381 697; x_wconf 87' lang='lat' dir='ltr'><strong>sint</strong></span> <span class='ocrx_word' id='word_1_83' title='bbox 1409 663 1536 696; x_wconf 88' lang='lat' dir='ltr'><strong>relicta.</strong></span> <span class='ocrx_word' id='word_1_84' title='bbox 1585 662 1706 708; x_wconf 83' lang='lat' dir='ltr'><strong>Neque</strong></span> <span class='ocrx_word' id='word_1_85' title='bbox 1728 662 1764 695; x_wconf 90' lang='lat' dir='ltr'><strong>id</strong></span> <span class='ocrx_word' id='word_1_86' title='bbox 1785 662 2007 704; x_wconf 84' lang='lat' dir='ltr'><strong>mirabuntur,</strong></span> 
     </span>
     <span class='ocr_line' id='line_1_9' title="bbox 263 723 2009 773; baseline -0.001 -14"><span class='ocrx_word' id='word_1_87' title='bbox 263 725 321 771; x_wconf 87' lang='lat' dir='ltr'><strong>qui</strong></span> <span class='ocrx_word' id='word_1_88' title='bbox 352 725 451 760; x_wconf 87' lang='lat' dir='ltr'><strong>istius</strong></span> <span class='ocrx_word' id='word_1_89' title='bbox 481 726 588 760; x_wconf 81' lang='lat' dir='ltr'><strong>libelli</strong></span> <span class='ocrx_word' id='word_1_90' title='bbox 614 739 714 763; x_wconf 86' lang='lat' dir='ltr'><strong>eausa</strong></span> <span class='ocrx_word' id='word_1_91' title='bbox 736 733 769 761; x_wconf 92' lang='lat' dir='ltr'><strong>et</strong></span> <span class='ocrx_word' id='word_1_92' title='bbox 792 727 921 762; x_wconf 86' lang='lat' dir='ltr'><strong>ratione</strong></span> <span class='ocrx_word' id='word_1_93' title='bbox 946 727 1124 773; x_wconf 74' lang='lat' dir='ltr'><strong>diligenter</strong></span> <span class='ocrx_word' id='word_1_94' title='bbox 1147 726 1282 773; x_wconf 89' lang='lat' dir='ltr'><strong>cognita</strong></span> <span class='ocrx_word' id='word_1_95' title='bbox 1308 725 1493 760; x_wconf 87' lang='lat' dir='ltr'><strong>Lueianum</strong></span> <span class='ocrx_word' id='word_1_96' title='bbox 1517 723 1653 758; x_wconf 90' lang='lat' dir='ltr'><strong>minime</strong></span> <span class='ocrx_word' id='word_1_97' title='bbox 1676 723 1712 758; x_wconf 87' lang='lat' dir='ltr'><strong>id</strong></span> <span class='ocrx_word' id='word_1_98' title='bbox 1733 723 1848 770; x_wconf 84' lang='lat' dir='ltr'><strong>egisse</strong></span> <span class='ocrx_word' id='word_1_99' title='bbox 1870 736 2009 770; x_wconf 86' lang='lat' dir='ltr'><strong>perspe-</strong></span> 
     </span>
     <span class='ocr_line' id='line_1_10' title="bbox 264 786 2007 836; baseline -0.001 -15"><span class='ocrx_word' id='word_1_100' title='bbox 264 788 393 829; x_wconf 84' lang='lat' dir='ltr'><strong>xerint,</strong></span> <span class='ocrx_word' id='word_1_101' title='bbox 424 795 461 823; x_wconf 92' lang='lat' dir='ltr'><strong>ut</strong></span> <span class='ocrx_word' id='word_1_102' title='bbox 483 795 591 823; x_wconf 83' lang='lat' dir='ltr'><strong>totum</strong></span> <span class='ocrx_word' id='word_1_103' title='bbox 614 790 679 823; x_wconf 89' lang='lat' dir='ltr'><strong>boc</strong></span> <span class='ocrx_word' id='word_1_104' title='bbox 701 796 933 835; x_wconf 73' lang='lat' dir='ltr'><strong>argumentum</strong></span> <span class='ocrx_word' id='word_1_105' title='bbox 956 790 997 823; x_wconf 90' lang='lat' dir='ltr'><strong>ab</strong></span> <span class='ocrx_word' id='word_1_106' title='bbox 1019 789 1110 823; x_wconf 91' lang='lat' dir='ltr'><strong>omni</strong></span> <span class='ocrx_word' id='word_1_107' title='bbox 1135 796 1230 836; x_wconf 90' lang='lat' dir='ltr'><strong>parte</strong></span> <span class='ocrx_word' id='word_1_108' title='bbox 1252 789 1563 834; x_wconf 82' lang='lat' dir='ltr'><strong>circumspectatum</strong></span> <span class='ocrx_word' id='word_1_109' title='bbox 1587 793 1621 821; x_wconf 89' lang='lat' dir='ltr'><strong>et</strong></span> <span class='ocrx_word' id='word_1_110' title='bbox 1643 786 1890 821; x_wconf 85' lang='lat' dir='ltr'><strong>consideratum</strong></span> <span class='ocrx_word' id='word_1_111' title='bbox 1913 798 2007 820; x_wconf 74' lang='lat' dir='ltr'><strong>accu-</strong></span> 
     </span>
     <span class='ocr_line' id='line_1_11' title="bbox 264 848 2008 899; baseline -0.001 -15"><span class='ocrx_word' id='word_1_112' title='bbox 264 857 336 884; x_wconf 87' lang='lat' dir='ltr'><strong>rate</strong></span> <span class='ocrx_word' id='word_1_113' title='bbox 358 851 566 899; x_wconf 81' lang='lat' dir='ltr'><strong>copioseque</strong></span> <span class='ocrx_word' id='word_1_114' title='bbox 589 859 794 899; x_wconf 89' lang='lat' dir='ltr'><strong>exponeret,</strong></span> <span class='ocrx_word' id='word_1_115' title='bbox 822 853 882 886; x_wconf 91' lang='lat' dir='ltr'><strong>sed</strong></span> <span class='ocrx_word' id='word_1_116' title='bbox 904 852 984 886; x_wconf 89' lang='lat' dir='ltr'><strong>satis</strong></span> <span class='ocrx_word' id='word_1_117' title='bbox 1005 864 1081 886; x_wconf 90' lang='lat' dir='ltr'><strong>eum</strong></span> <span class='ocrx_word' id='word_1_118' title='bbox 1104 852 1278 896; x_wconf 86' lang='lat' dir='ltr'><strong>habuisse,</strong></span> <span class='ocrx_word' id='word_1_119' title='bbox 1310 852 1461 894; x_wconf 89' lang='lat' dir='ltr'><strong>illorum,</strong></span> <span class='ocrx_word' id='word_1_120' title='bbox 1486 850 1543 897; x_wconf 89' lang='lat' dir='ltr'><strong>qui</strong></span> <span class='ocrx_word' id='word_1_121' title='bbox 1567 862 1605 884; x_wconf 90' lang='lat' dir='ltr'><strong>ea</strong></span> <span class='ocrx_word' id='word_1_122' title='bbox 1628 855 1736 884; x_wconf 91' lang='lat' dir='ltr'><strong>aetate</strong></span> <span class='ocrx_word' id='word_1_123' title='bbox 1757 848 1909 884; x_wconf 80' lang='lat' dir='ltr'><strong>historici</strong></span> <span class='ocrx_word' id='word_1_124' title='bbox 1931 861 2008 895; x_wconf 89' lang='lat' dir='ltr'><strong>spe·</strong></span> 
     </span>
     <span class='ocr_line' id='line_1_12' title="bbox 264 911 2007 962; baseline -0.001 -14"><span class='ocrx_word' id='word_1_125' title='bbox 264 914 350 948; x_wconf 87' lang='lat' dir='ltr'><strong>ciem</strong></span> <span class='ocrx_word' id='word_1_126' title='bbox 378 928 462 961; x_wconf 85' lang='lat' dir='ltr'><strong>prae</strong></span> <span class='ocrx_word' id='word_1_127' title='bbox 491 928 528 949; x_wconf 90' lang='lat' dir='ltr'><strong>se</strong></span> <span class='ocrx_word' id='word_1_128' title='bbox 559 916 707 958; x_wconf 78' lang='lat' dir='ltr'><strong>ferrent,</strong></span> <span class='ocrx_word' id='word_1_129' title='bbox 746 916 917 950; x_wconf 87' lang='lat' dir='ltr'><strong>bominum</strong></span> <span class='ocrx_word' id='word_1_130' title='bbox 948 915 1089 962; x_wconf 84' lang='lat' dir='ltr'><strong>ineptias</strong></span> <span class='ocrx_word' id='word_1_131' title='bbox 1121 929 1190 950; x_wconf 92' lang='lat' dir='ltr'><strong>non</strong></span> <span class='ocrx_word' id='word_1_132' title='bbox 1219 915 1348 950; x_wconf 89' lang='lat' dir='ltr'><strong>minore</strong></span> <span class='ocrx_word' id='word_1_133' title='bbox 1377 914 1456 949; x_wconf 87' lang='lat' dir='ltr'><strong>salis</strong></span> <span class='ocrx_word' id='word_1_134' title='bbox 1487 912 1667 948; x_wconf 82' lang='lat' dir='ltr'><strong>acerbitate</strong></span> <span class='ocrx_word' id='word_1_135' title='bbox 1697 925 1796 960; x_wconf 89' lang='lat' dir='ltr'><strong>quam</strong></span> <span class='ocrx_word' id='word_1_136' title='bbox 1825 911 2007 947; x_wconf 79' lang='lat' dir='ltr'><strong>festivitate</strong></span> 
     </span>
     <span class='ocr_line' id='line_1_13' title="bbox 265 975 2007 1024; baseline -0.001 -13"><span class='ocrx_word' id='word_1_137' title='bbox 265 984 549 1012; x_wconf 81' lang='lat' dir='ltr'><strong>eommonstrasse</strong></span> <span class='ocrx_word' id='word_1_138' title='bbox 579 984 612 1012; x_wconf 91' lang='lat' dir='ltr'><strong>et</strong></span> <span class='ocrx_word' id='word_1_139' title='bbox 642 978 819 1024; x_wconf 80' lang='lat' dir='ltr'><strong>carpsisse.</strong></span> <span class='ocrx_word' id='word_1_140' title='bbox 880 978 1119 1012; x_wconf 85' lang='lat' dir='ltr'><strong>Verumtamen</strong></span> <span class='ocrx_word' id='word_1_141' title='bbox 1151 978 1179 1012; x_wconf 88' lang='lat' dir='ltr'><strong>si</strong></span> <span class='ocrx_word' id='word_1_142' title='bbox 1209 978 1244 1012; x_wconf 88' lang='lat' dir='ltr'><strong>in</strong></span> <span class='ocrx_word' id='word_1_143' title='bbox 1276 977 1367 1012; x_wconf 91' lang='lat' dir='ltr'><strong>omni</strong></span> <span class='ocrx_word' id='word_1_144' title='bbox 1396 976 1535 1011; x_wconf 85' lang='lat' dir='ltr'><strong>scientia</strong></span> <span class='ocrx_word' id='word_1_145' title='bbox 1566 988 1604 1010; x_wconf 86' lang='lat' dir='ltr'><strong>ac</strong></span> <span class='ocrx_word' id='word_1_146' title='bbox 1633 975 1829 1022; x_wconf 87' lang='lat' dir='ltr'><strong>disciplina,</strong></span> <span class='ocrx_word' id='word_1_147' title='bbox 1854 981 1897 1011; x_wconf 77' lang='lat' dir='ltr'><strong>at</strong></span> <span class='ocrx_word' id='word_1_148' title='bbox 1926 987 2007 1010; x_wconf 79' lang='lat' dir='ltr'><strong>vera</strong></span> 
     </span>
     <span class='ocr_line' id='line_1_14' title="bbox 265 1038 2006 1086; baseline 0 -14"><span class='ocrx_word' id='word_1_149' title='bbox 265 1040 427 1073; x_wconf 81' lang='lat' dir='ltr'><strong>habeatur</strong></span> <span class='ocrx_word' id='word_1_150' title='bbox 450 1040 628 1086; x_wconf 84' lang='lat' dir='ltr'><strong>disciplina</strong></span> <span class='ocrx_word' id='word_1_151' title='bbox 651 1040 686 1073; x_wconf 87' lang='lat' dir='ltr'><strong>id</strong></span> <span class='ocrx_word' id='word_1_152' title='bbox 708 1040 919 1086; x_wconf 88' lang='lat' dir='ltr'><strong>potissimum</strong></span> <span class='ocrx_word' id='word_1_153' title='bbox 942 1040 1156 1086; x_wconf 83' lang='lat' dir='ltr'><strong>spectandum</strong></span> <span class='ocrx_word' id='word_1_154' title='bbox 1179 1047 1248 1083; x_wconf 86' lang='lat' dir='ltr'><strong>est,</strong></span> <span class='ocrx_word' id='word_1_155' title='bbox 1278 1047 1316 1074; x_wconf 89' lang='lat' dir='ltr'><strong>ut</strong></span> <span class='ocrx_word' id='word_1_156' title='bbox 1346 1053 1415 1074; x_wconf 90' lang='lat' dir='ltr'><strong>non</strong></span> <span class='ocrx_word' id='word_1_157' title='bbox 1443 1040 1577 1085; x_wconf 85' lang='lat' dir='ltr'><strong>aliquot.</strong></span> <span class='ocrx_word' id='word_1_158' title='bbox 1598 1038 1820 1084; x_wconf 87' lang='lat' dir='ltr'><strong>undecunque</strong></span> <span class='ocrx_word' id='word_1_159' title='bbox 1851 1044 2006 1084; x_wconf 81' lang='lat' dir='ltr'><strong>arreptae</strong></span> 
     </span>
     <span class='ocr_line' id='line_1_15' title="bbox 266 1099 2007 1149; baseline -0.001 -14"><span class='ocrx_word' id='word_1_160' title='bbox 266 1103 347 1136; x_wconf 89' lang='lat' dir='ltr'><strong>artis</strong></span> <span class='ocrx_word' id='word_1_161' title='bbox 370 1102 466 1148; x_wconf 85' lang='lat' dir='ltr'><strong>leges</strong></span> <span class='ocrx_word' id='word_1_162' title='bbox 492 1102 528 1136; x_wconf 86' lang='lat' dir='ltr'><strong>in</strong></span> <span class='ocrx_word' id='word_1_163' title='bbox 551 1115 653 1136; x_wconf 90' lang='lat' dir='ltr'><strong>unum</strong></span> <span class='ocrx_word' id='word_1_164' title='bbox 677 1109 918 1148; x_wconf 84' lang='lat' dir='ltr'><strong>congerantur,</strong></span> <span class='ocrx_word' id='word_1_165' title='bbox 942 1102 999 1137; x_wconf 89' lang='lat' dir='ltr'><strong>sed</strong></span> <span class='ocrx_word' id='word_1_166' title='bbox 1022 1103 1050 1136; x_wconf 87' lang='lat' dir='ltr'><strong>si</strong></span> <span class='ocrx_word' id='word_1_167' title='bbox 1075 1103 1159 1137; x_wconf 93' lang='lat' dir='ltr'><strong>ordo</strong></span> <span class='ocrx_word' id='word_1_168' title='bbox 1182 1103 1316 1149; x_wconf 89' lang='lat' dir='ltr'><strong>quidam</strong></span> <span class='ocrx_word' id='word_1_169' title='bbox 1340 1109 1373 1137; x_wconf 91' lang='lat' dir='ltr'><strong>et</strong></span> <span class='ocrx_word' id='word_1_170' title='bbox 1398 1102 1484 1136; x_wconf 87' lang='lat' dir='ltr'><strong>ratio</strong></span> <span class='ocrx_word' id='word_1_171' title='bbox 1509 1107 1542 1136; x_wconf 90' lang='lat' dir='ltr'><strong>et</strong></span> <span class='ocrx_word' id='word_1_172' title='bbox 1564 1100 1702 1144; x_wconf 87' lang='lat' dir='ltr'><strong>modus,</strong></span> <span class='ocrx_word' id='word_1_173' title='bbox 1732 1100 1761 1135; x_wconf 94' lang='lat' dir='ltr'><strong>si</strong></span> <span class='ocrx_word' id='word_1_174' title='bbox 1783 1100 1928 1147; x_wconf 76' lang='lat' dir='ltr'><strong>denique</strong></span> <span class='ocrx_word' id='word_1_175' title='bbox 1950 1099 2007 1134; x_wconf 87' lang='lat' dir='ltr'><strong>ab·</strong></span> 
     </span>
     <span class='ocr_line' id='line_1_16' title="bbox 266 1164 2005 1214; baseline -0.001 -17"><span class='ocrx_word' id='word_1_176' title='bbox 266 1164 390 1198; x_wconf 87' lang='lat' dir='ltr'><strong>solutio</strong></span> <span class='ocrx_word' id='word_1_177' title='bbox 414 1165 578 1210; x_wconf 88' lang='lat' dir='ltr'><strong>quaedam</strong></span> <span class='ocrx_word' id='word_1_178' title='bbox 606 1165 678 1199; x_wconf 89' lang='lat' dir='ltr'><strong>iure</strong></span> <span class='ocrx_word' id='word_1_179' title='bbox 706 1165 905 1211; x_wconf 87' lang='lat' dir='ltr'><strong>requiritur,</strong></span> <span class='ocrx_word' id='word_1_180' title='bbox 932 1177 999 1198; x_wconf 85' lang='lat' dir='ltr'><strong>non</strong></span> <span class='ocrx_word' id='word_1_181' title='bbox 1028 1166 1182 1214; x_wconf 73' lang='lat' dir='ltr'><strong>profecto</strong></span> <span class='ocrx_word' id='word_1_182' title='bbox 1214 1165 1313 1199; x_wconf 83' lang='lat' dir='ltr'><strong>etiam</strong></span> <span class='ocrx_word' id='word_1_183' title='bbox 1339 1165 1375 1198; x_wconf 90' lang='lat' dir='ltr'><strong>in</strong></span> <span class='ocrx_word' id='word_1_184' title='bbox 1404 1165 1469 1198; x_wconf 91' lang='lat' dir='ltr'><strong>boc</strong></span> <span class='ocrx_word' id='word_1_185' title='bbox 1494 1170 1612 1197; x_wconf 84' lang='lat' dir='ltr'><strong>nostro</strong></span> <span class='ocrx_word' id='word_1_186' title='bbox 1643 1175 1768 1209; x_wconf 83' lang='lat' dir='ltr'><strong>genere</strong></span> <span class='ocrx_word' id='word_1_187' title='bbox 1798 1169 1903 1197; x_wconf 88' lang='lat' dir='ltr'><strong>totam</strong></span> <span class='ocrx_word' id='word_1_188' title='bbox 1933 1175 2005 1196; x_wconf 89' lang='lat' dir='ltr'><strong>rem</strong></span> 
     </span>
     <span class='ocr_line' id='line_1_17' title="bbox 267 1225 2007 1274; baseline 0 -15"><span class='ocrx_word' id='word_1_189' title='bbox 267 1226 454 1260; x_wconf 85' lang='lat' dir='ltr'><strong>Luciannm</strong></span> <span class='ocrx_word' id='word_1_190' title='bbox 480 1227 668 1260; x_wconf 83' lang='lat' dir='ltr'><strong>confecisse</strong></span> <span class='ocrx_word' id='word_1_191' title='bbox 692 1227 830 1270; x_wconf 86' lang='lat' dir='ltr'><strong>dixeris,</strong></span> <span class='ocrx_word' id='word_1_192' title='bbox 854 1233 910 1261; x_wconf 89' lang='lat' dir='ltr'><strong>aut</strong></span> <span class='ocrx_word' id='word_1_193' title='bbox 932 1227 967 1260; x_wconf 90' lang='lat' dir='ltr'><strong>id</strong></span> <span class='ocrx_word' id='word_1_194' title='bbox 983 1228 1208 1274; x_wconf 85' lang='lat' dir='ltr'><strong>praestitisse,</strong></span> <span class='ocrx_word' id='word_1_195' title='bbox 1233 1228 1325 1274; x_wconf 89' lang='lat' dir='ltr'><strong>quod</strong></span> <span class='ocrx_word' id='word_1_196' title='bbox 1346 1228 1454 1262; x_wconf 90' lang='lat' dir='ltr'><strong>iustae</strong></span> <span class='ocrx_word' id='word_1_197' title='bbox 1478 1227 1520 1261; x_wconf 92' lang='lat' dir='ltr'><strong>de</strong></span> <span class='ocrx_word' id='word_1_198' title='bbox 1541 1228 1604 1261; x_wconf 89' lang='lat' dir='ltr'><strong>bac</strong></span> <span class='ocrx_word' id='word_1_199' title='bbox 1626 1238 1664 1260; x_wconf 92' lang='lat' dir='ltr'><strong>re</strong></span> <span class='ocrx_word' id='word_1_200' title='bbox 1686 1225 1905 1273; x_wconf 85' lang='lat' dir='ltr'><strong>disputationi</strong></span> <span class='ocrx_word' id='word_1_201' title='bbox 1927 1237 2007 1272; x_wconf 85' lang='lat' dir='ltr'><strong>pos-</strong></span> 
     </span>
     <span class='ocr_line' id='line_1_18' title="bbox 266 1288 548 1323; baseline 0 -1"><span class='ocrx_word' id='word_1_202' title='bbox 266 1289 310 1322; x_wconf 89' lang='lat' dir='ltr'><strong>sit</strong></span> <span class='ocrx_word' id='word_1_203' title='bbox 343 1288 548 1323; x_wconf 77' lang='lat' dir='ltr'><strong>satisfacere.</strong></span> 
     </span>
    </p>

    <p class='ocr_par' dir='ltr' id='par_1_3' title="bbox 263 1352 2006 1713">
     <span class='ocr_line' id='line_1_19' title="bbox 399 1352 2006 1398; baseline 0 -14"><span class='ocrx_word' id='word_1_204' title='bbox 399 1352 471 1384; x_wconf 90' lang='lat' dir='ltr'><strong>lam</strong></span> <span class='ocrx_word' id='word_1_205' title='bbox 493 1352 658 1397; x_wconf 74' lang='lat' dir='ltr'><strong>Polybius</strong></span> <span class='ocrx_word' id='word_1_206' title='bbox 682 1357 715 1386; x_wconf 88' lang='lat' dir='ltr'><strong>et</strong></span> <span class='ocrx_word' id='word_1_207' title='bbox 738 1352 910 1385; x_wconf 87' lang='lat' dir='ltr'><strong>Diodorus</strong></span> <span class='ocrx_word' id='word_1_208' title='bbox 934 1353 1012 1398; x_wconf 89' lang='lat' dir='ltr'><strong>quid</strong></span> <span class='ocrx_word' id='word_1_209' title='bbox 1035 1353 1076 1386; x_wconf 90' lang='lat' dir='ltr'><strong>de</strong></span> <span class='ocrx_word' id='word_1_210' title='bbox 1099 1359 1169 1386; x_wconf 86' lang='lat' dir='ltr'><strong>arte</strong></span> <span class='ocrx_word' id='word_1_211' title='bbox 1192 1352 1351 1386; x_wconf 86' lang='lat' dir='ltr'><strong>historica</strong></span> <span class='ocrx_word' id='word_1_212' title='bbox 1374 1352 1536 1395; x_wconf 87' lang='lat' dir='ltr'><strong>sentiant,</strong></span> <span class='ocrx_word' id='word_1_213' title='bbox 1571 1364 1724 1398; x_wconf 87' lang='lat' dir='ltr'><strong>quaeque</strong></span> <span class='ocrx_word' id='word_1_214' title='bbox 1746 1357 1927 1397; x_wconf 86' lang='lat' dir='ltr'><strong>praecepta</strong></span> <span class='ocrx_word' id='word_1_215' title='bbox 1950 1363 2006 1385; x_wconf 79' lang='lat' dir='ltr'><strong>ex·</strong></span> 
     </span>
     <span class='ocr_line' id='line_1_20' title="bbox 266 1413 2006 1462; baseline 0.001 -15"><span class='ocrx_word' id='word_1_216' title='bbox 266 1413 403 1448; x_wconf 87' lang='lat' dir='ltr'><strong>hibeant</strong></span> <span class='ocrx_word' id='word_1_217' title='bbox 427 1414 456 1447; x_wconf 91' lang='lat' dir='ltr'><strong>si</strong></span> <span class='ocrx_word' id='word_1_218' title='bbox 480 1427 568 1448; x_wconf 91' lang='lat' dir='ltr'><strong>nunc</strong></span> <span class='ocrx_word' id='word_1_219' title='bbox 594 1414 751 1461; x_wconf 86' lang='lat' dir='ltr'><strong>persequi</strong></span> <span class='ocrx_word' id='word_1_220' title='bbox 776 1420 809 1448; x_wconf 89' lang='lat' dir='ltr'><strong>et</strong></span> <span class='ocrx_word' id='word_1_221' title='bbox 833 1414 875 1448; x_wconf 78' lang='lat' dir='ltr'><strong>ad</strong></span> <span class='ocrx_word' id='word_1_222' title='bbox 897 1414 1043 1449; x_wconf 85' lang='lat' dir='ltr'><strong>veriores</strong></span> <span class='ocrx_word' id='word_1_223' title='bbox 1072 1415 1167 1462; x_wconf 87' lang='lat' dir='ltr'><strong>leges</strong></span> <span class='ocrx_word' id='word_1_224' title='bbox 1196 1415 1333 1462; x_wconf 87' lang='lat' dir='ltr'><strong>exigere</strong></span> <span class='ocrx_word' id='word_1_225' title='bbox 1361 1415 1482 1450; x_wconf 87' lang='lat' dir='ltr'><strong>vellem</strong></span> <span class='ocrx_word' id='word_1_226' title='bbox 1511 1414 1683 1461; x_wconf 85' lang='lat' dir='ltr'><strong>angustias</strong></span> <span class='ocrx_word' id='word_1_227' title='bbox 1705 1413 1804 1448; x_wconf 88' lang='lat' dir='ltr'><strong>buius</strong></span> <span class='ocrx_word' id='word_1_228' title='bbox 1827 1413 2006 1461; x_wconf 85' lang='lat' dir='ltr'><strong>scriptiun-</strong></span> 
     </span>
     <span class='ocr_line' id='line_1_21' title="bbox 264 1476 2004 1524; baseline 0.001 -16"><span class='ocrx_word' id='word_1_229' title='bbox 264 1476 359 1509; x_wconf 88' lang='lat' dir='ltr'><strong>culae</strong></span> <span class='ocrx_word' id='word_1_230' title='bbox 381 1476 484 1522; x_wconf 86' lang='lat' dir='ltr'><strong>longe</strong></span> <span class='ocrx_word' id='word_1_231' title='bbox 507 1477 716 1510; x_wconf 87' lang='lat' dir='ltr'><strong>excederem.</strong></span> <span class='ocrx_word' id='word_1_232' title='bbox 762 1477 913 1523; x_wconf 87' lang='lat' dir='ltr'><strong>Uterque</strong></span> <span class='ocrx_word' id='word_1_233' title='bbox 941 1478 1026 1511; x_wconf 89' lang='lat' dir='ltr'><strong>enim</strong></span> <span class='ocrx_word' id='word_1_234' title='bbox 1055 1478 1254 1524; x_wconf 86' lang='lat' dir='ltr'><strong>simulatque</strong></span> <span class='ocrx_word' id='word_1_235' title='bbox 1278 1479 1411 1512; x_wconf 88' lang='lat' dir='ltr'><strong>occasio</strong></span> <span class='ocrx_word' id='word_1_236' title='bbox 1435 1478 1523 1511; x_wconf 86' lang='lat' dir='ltr'><strong>inter</strong></span> <span class='ocrx_word' id='word_1_237' title='bbox 1553 1477 1767 1511; x_wconf 87' lang='lat' dir='ltr'><strong>scribendum</strong></span> <span class='ocrx_word' id='word_1_238' title='bbox 1789 1477 1832 1510; x_wconf 90' lang='lat' dir='ltr'><strong>iis</strong></span> <span class='ocrx_word' id='word_1_239' title='bbox 1855 1476 2004 1519; x_wconf 81' lang='lat' dir='ltr'><strong>obvenit,</strong></span> 
     </span>
     <span class='ocr_line' id='line_1_22' title="bbox 264 1538 2003 1588; baseline 0.001 -15"><span class='ocrx_word' id='word_1_240' title='bbox 264 1552 337 1573; x_wconf 89' lang='lat' dir='ltr'><strong>eam</strong></span> <span class='ocrx_word' id='word_1_241' title='bbox 366 1540 452 1574; x_wconf 86' lang='lat' dir='ltr'><strong>alter</strong></span> <span class='ocrx_word' id='word_1_242' title='bbox 479 1540 585 1574; x_wconf 89' lang='lat' dir='ltr'><strong>altero</strong></span> <span class='ocrx_word' id='word_1_243' title='bbox 609 1540 763 1587; x_wconf 84' lang='lat' dir='ltr'><strong>cupidius</strong></span> <span class='ocrx_word' id='word_1_244' title='bbox 786 1547 819 1574; x_wconf 89' lang='lat' dir='ltr'><strong>et</strong></span> <span class='ocrx_word' id='word_1_245' title='bbox 841 1541 1003 1575; x_wconf 90' lang='lat' dir='ltr'><strong>curiosius</strong></span> <span class='ocrx_word' id='word_1_246' title='bbox 1033 1541 1226 1588; x_wconf 82' lang='lat' dir='ltr'><strong>arripiendo</strong></span> <span class='ocrx_word' id='word_1_247' title='bbox 1256 1548 1379 1584; x_wconf 86' lang='lat' dir='ltr'><strong>artem,</strong></span> <span class='ocrx_word' id='word_1_248' title='bbox 1410 1555 1509 1588; x_wconf 90' lang='lat' dir='ltr'><strong>quam</strong></span> <span class='ocrx_word' id='word_1_249' title='bbox 1540 1540 1666 1587; x_wconf 87' lang='lat' dir='ltr'><strong>optime</strong></span> <span class='ocrx_word' id='word_1_250' title='bbox 1695 1540 1762 1587; x_wconf 87' lang='lat' dir='ltr'><strong>ipsi</strong></span> <span class='ocrx_word' id='word_1_251' title='bbox 1793 1540 1915 1576; x_wconf 87' lang='lat' dir='ltr'><strong>callere</strong></span> <span class='ocrx_word' id='word_1_252' title='bbox 1936 1538 2003 1575; x_wconf 80' lang='lat' dir='ltr'><strong>sibi</strong></span> 
     </span>
     <span class='ocr_line' id='line_1_23' title="bbox 263 1601 2003 1650; baseline 0.002 -16"><span class='ocrx_word' id='word_1_253' title='bbox 263 1601 458 1645; x_wconf 83' lang='lat' dir='ltr'><strong>videantur,</strong></span> <span class='ocrx_word' id='word_1_254' title='bbox 491 1602 614 1636; x_wconf 87' lang='lat' dir='ltr'><strong>docent</strong></span> <span class='ocrx_word' id='word_1_255' title='bbox 636 1608 670 1636; x_wconf 87' lang='lat' dir='ltr'><strong>et</strong></span> <span class='ocrx_word' id='word_1_256' title='bbox 693 1602 904 1650; x_wconf 86' lang='lat' dir='ltr'><strong>praecipiunt</strong></span> <span class='ocrx_word' id='word_1_257' title='bbox 927 1604 1066 1650; x_wconf 86' lang='lat' dir='ltr'><strong>perinde</strong></span> <span class='ocrx_word' id='word_1_258' title='bbox 1089 1616 1127 1638; x_wconf 80' lang='lat' dir='ltr'><strong>ae</strong></span> <span class='ocrx_word' id='word_1_259' title='bbox 1151 1603 1180 1637; x_wconf 91' lang='lat' dir='ltr'><strong>si</strong></span> <span class='ocrx_word' id='word_1_260' title='bbox 1203 1610 1236 1638; x_wconf 90' lang='lat' dir='ltr'><strong>et</strong></span> <span class='ocrx_word' id='word_1_261' title='bbox 1260 1604 1362 1638; x_wconf 88' lang='lat' dir='ltr'><strong>iidem</strong></span> <span class='ocrx_word' id='word_1_262' title='bbox 1385 1603 1537 1650; x_wconf 88' lang='lat' dir='ltr'><strong>magistri</strong></span> <span class='ocrx_word' id='word_1_263' title='bbox 1565 1603 1664 1637; x_wconf 86' lang='lat' dir='ltr'><strong>buius</strong></span> <span class='ocrx_word' id='word_1_264' title='bbox 1696 1603 1831 1650; x_wconf 85' lang='lat' dir='ltr'><strong>generis</strong></span> <span class='ocrx_word' id='word_1_265' title='bbox 1853 1603 2003 1637; x_wconf 77' lang='lat' dir='ltr'><strong>scholam</strong></span> 
     </span>
     <span class='ocr_line' id='line_1_24' title="bbox 263 1663 2003 1713; baseline 0.003 -17"><span class='ocrx_word' id='word_1_266' title='bbox 263 1663 469 1708; x_wconf 56' lang='lat' dir='ltr'><strong>aperuerim.</strong></span> <span class='ocrx_word' id='word_1_267' title='bbox 515 1666 635 1698; x_wconf 83' lang='lat' dir='ltr'><strong>Restat</strong></span> <span class='ocrx_word' id='word_1_268' title='bbox 656 1671 694 1698; x_wconf 85' lang='lat' dir='ltr'><strong>ut</strong></span> <span class='ocrx_word' id='word_1_269' title='bbox 717 1666 835 1699; x_wconf 84' lang='lat' dir='ltr'><strong>saltem</strong></span> <span class='ocrx_word' id='word_1_270' title='bbox 858 1667 1026 1709; x_wconf 84' lang='lat' dir='ltr'><strong>extremis,</strong></span> <span class='ocrx_word' id='word_1_271' title='bbox 1049 1673 1086 1700; x_wconf 87' lang='lat' dir='ltr'><strong>ut</strong></span> <span class='ocrx_word' id='word_1_272' title='bbox 1114 1667 1248 1710; x_wconf 86' lang='lat' dir='ltr'><strong>dicitur,</strong></span> <span class='ocrx_word' id='word_1_273' title='bbox 1271 1667 1387 1712; x_wconf 85' lang='lat' dir='ltr'><strong>digitis</strong></span> <span class='ocrx_word' id='word_1_274' title='bbox 1398 1668 1571 1701; x_wconf 82' lang='lat' dir='ltr'><strong>Romanos</strong></span> <span class='ocrx_word' id='word_1_275' title='bbox 1589 1667 1762 1712; x_wconf 80' lang='lat' dir='ltr'><strong>attingam,</strong></span> <span class='ocrx_word' id='word_1_276' title='bbox 1786 1667 1844 1713; x_wconf 84' lang='lat' dir='ltr'><strong>qui</strong></span> <span class='ocrx_word' id='word_1_277' title='bbox 1864 1672 2003 1713; x_wconf 79' lang='lat' dir='ltr'><strong>quanto-</strong></span> 
     </span>
    </p>
   </div>
   <div class='ocr_carea' id='block_1_3' title="bbox 486 1769 2004 1934">
    <p class='ocr_par' dir='ltr' id='par_1_4' title="bbox 486 1769 2004 1934">
     <span class='ocr_line' id='line_1_25' title="bbox 563 1769 2004 1820; baseline 0.001 -14"><span class='ocrx_word' id='word_1_278' title='bbox 563 1778 741 1817; x_wconf 67' lang='lat' dir='ltr'><strong>Tlmeyffide</strong></span> <span class='ocrx_word' id='word_1_279' title='bbox 761 1779 855 1808; x_wconf 69' lang='lat' dir='ltr'><strong>indic.</strong></span> <span class='ocrx_word' id='word_1_280' title='bbox 874 1790 918 1817; x_wconf 72' lang='lat' dir='ltr'><strong>cp.</strong></span> <span class='ocrx_word' id='word_1_281' title='bbox 938 1780 1026 1813; x_wconf 85' lang='lat' dir='ltr'><strong>vm,</strong></span> <span class='ocrx_word' id='word_1_282' title='bbox 1052 1791 1080 1819; x_wconf 78' lang='lat' dir='ltr'><strong>p.</strong></span> <span class='ocrx_word' id='word_1_283' title='bbox 1101 1781 1138 1810; x_wconf 70' lang='grc' dir='ltr'><strong>τε</strong></span> <span class='ocrx_word' id='word_1_284' title='bbox 1165 1781 1211 1810; x_wconf 74' lang='lat' dir='ltr'><strong>ed.</strong></span> <span class='ocrx_word' id='word_1_285' title='bbox 1229 1780 1324 1819; x_wconf 58' lang='grc' dir='ltr'><strong>πῶς.</strong></span> <span class='ocrx_word' id='word_1_286' title='bbox 1348 1781 1390 1810; x_wconf 80' lang='lat' dir='ltr'><strong>ita</strong></span> <span class='ocrx_word' id='word_1_287' title='bbox 1415 1781 1543 1810; x_wconf 60' lang='lat' dir='ltr'><strong>iudicet:</strong></span> <span class='ocrx_word' id='word_1_288' title='bbox 1575 1775 1639 1820; x_wconf 75' lang='grc' dir='ltr'><strong>τῆς</strong></span> <span class='ocrx_word' id='word_1_289' title='bbox 1664 1769 2004 1820; x_wconf 64' lang='grc' dir='ltr'>ἀληθείας-πλείστην</span> 
     </span>
     <span class='ocr_line' id='line_1_26' title="bbox 561 1829 1725 1883; baseline 0.004 -15"><span class='ocrx_word' id='word_1_290' title='bbox 561 1829 738 1880; x_wconf 72' lang='grc' dir='ltr'>ἐποιήσατο</span> <span class='ocrx_word' id='word_1_291' title='bbox 761 1830 927 1880; x_wconf 81' lang='grc' dir='ltr'>πρόνοιαν,</span> <span class='ocrx_word' id='word_1_292' title='bbox 951 1831 1022 1871; x_wconf 78' lang='grc' dir='ltr'>οὔτε</span> <span class='ocrx_word' id='word_1_293' title='bbox 1042 1835 1221 1882; x_wconf 75' lang='grc' dir='ltr'>προστιθεὶς</span> <span class='ocrx_word' id='word_1_294' title='bbox 1242 1841 1313 1881; x_wconf 81' lang='grc' dir='ltr'><strong>τοῖς</strong></span> <span class='ocrx_word' id='word_1_295' title='bbox 1333 1832 1518 1883; x_wconf 81' lang='grc' dir='ltr'>πράγμασιν</span> <span class='ocrx_word' id='word_1_296' title='bbox 1541 1832 1631 1873; x_wconf 73' lang='grc' dir='ltr'><strong>οὖδὲν</strong></span> <span class='ocrx_word' id='word_1_297' title='bbox 1655 1839 1725 1873; x_wconf 83' lang='grc' dir='ltr'>κτλ.</span> 
     </span>
     <span class='ocr_line' id='line_1_27' title="bbox 486 1897 716 1934; baseline 0.004 -10"><span class='ocrx_word' id='word_1_298' title='bbox 486 1897 529 1931; x_wconf 79' lang='lat'><strong>⁵⁸)</strong></span> <span class='ocrx_word' id='word_1_299' title='bbox 556 1907 602 1934; x_wconf 89' lang='lat' dir='ltr'><strong>cp.</strong></span> <span class='ocrx_word' id='word_1_300' title='bbox 622 1898 716 1925; x_wconf 78' lang='lat' dir='ltr'>XLII.</span> 
     </span>
    </p>
   </div>
   <div class='ocr_carea' id='block_1_4' title="bbox 487 1938 2004 2049">
    <p class='ocr_par' dir='ltr' id='par_1_5' title="bbox 487 1938 2004 2049">
     <span class='ocr_line' id='line_1_28' title="bbox 487 1938 2004 1996; baseline 0.003 -15"><span class='ocrx_word' id='word_1_301' title='bbox 487 1952 532 1988; x_wconf 71' lang='lat'><strong>⁵⁴)</strong></span> <span class='ocrx_word' id='word_1_302' title='bbox 557 1952 665 1991; x_wconf 80' lang='lat' dir='ltr'><strong>Neque</strong></span> <span class='ocrx_word' id='word_1_303' title='bbox 687 1953 766 1982; x_wconf 87' lang='lat' dir='ltr'><strong>enim</strong></span> <span class='ocrx_word' id='word_1_304' title='bbox 789 1953 988 1984; x_wconf 81' lang='lat' dir='ltr'><strong>dubitandum</strong></span> <span class='ocrx_word' id='word_1_305' title='bbox 1008 1938 1154 1988; x_wconf 74' lang='lat' dir='ltr'><strong>arbitror,</strong></span> <span class='ocrx_word' id='word_1_306' title='bbox 1179 1955 1253 1994; x_wconf 86' lang='lat' dir='ltr'><strong>quin</strong></span> <span class='ocrx_word' id='word_1_307' title='bbox 1271 1954 1332 1985; x_wconf 82' lang='lat' dir='ltr'><strong>huc</strong></span> <span class='ocrx_word' id='word_1_308' title='bbox 1351 1955 1392 1996; x_wconf 67' lang='lat' dir='ltr'><strong>sit</strong></span> <span class='ocrx_word' id='word_1_309' title='bbox 1410 1955 1607 1987; x_wconf 82' lang='lat' dir='ltr'><strong>referendum</strong></span> <span class='ocrx_word' id='word_1_310' title='bbox 1628 1956 1710 1996; x_wconf 83' lang='lat' dir='ltr'><strong>quod</strong></span> <span class='ocrx_word' id='word_1_311' title='bbox 1729 1956 1802 1986; x_wconf 87' lang='lat' dir='ltr'><strong>Luc.</strong></span> <span class='ocrx_word' id='word_1_312' title='bbox 1821 1955 1841 1986; x_wconf 92' lang='lat' dir='ltr'><strong>l.</strong></span> <span class='ocrx_word' id='word_1_313' title='bbox 1860 1956 1879 1986; x_wconf 87' lang='lat' dir='ltr'><strong>l.</strong></span> <span class='ocrx_word' id='word_1_314' title='bbox 1898 1965 1943 1995; x_wconf 88' lang='lat' dir='ltr'><strong>ep.</strong></span> <span class='ocrx_word' id='word_1_315' title='bbox 1963 1955 2004 1985; x_wconf 77' lang='lat' dir='ltr'><strong>L!</strong></span> 
     </span>
     <span class='ocr_line' id='line_1_29' title="bbox 562 2009 1459 2049; baseline 0.006 -14"><span class='ocrx_word' id='word_1_316' title='bbox 562 2009 613 2036; x_wconf 77' lang='lat' dir='ltr'><strong>tin.</strong></span> <span class='ocrx_word' id='word_1_317' title='bbox 632 2009 706 2036; x_wconf 86' lang='lat' dir='ltr'><strong>dicit</strong></span> <span class='ocrx_word' id='word_1_318' title='bbox 723 2026 761 2031; x_wconf 97' lang='lat'>—</span> <span class='ocrx_word' id='word_1_319' title='bbox 781 2009 819 2038; x_wconf 82' lang='lat' dir='ltr'><strong>ef.</strong></span> <span class='ocrx_word' id='word_1_320' title='bbox 840 2010 921 2039; x_wconf 86' lang='lat' dir='ltr'><strong>Plut.</strong></span> <span class='ocrx_word' id='word_1_321' title='bbox 940 2011 977 2039; x_wconf 91' lang='lat' dir='ltr'><strong>de</strong></span> <span class='ocrx_word' id='word_1_322' title='bbox 997 2012 1079 2039; x_wconf 90' lang='lat' dir='ltr'><strong>Glor.</strong></span> <span class='ocrx_word' id='word_1_323' title='bbox 1099 2011 1211 2039; x_wconf 79' lang='lat' dir='ltr'><strong>Athen.</strong></span> <span class='ocrx_word' id='word_1_324' title='bbox 1230 2012 1250 2040; x_wconf 86' lang='lat' dir='ltr'><strong>l.</strong></span> <span class='ocrx_word' id='word_1_325' title='bbox 1270 2021 1360 2049; x_wconf 84' lang='lat' dir='ltr'><strong>supra</strong></span> <span class='ocrx_word' id='word_1_326' title='bbox 1380 2012 1459 2040; x_wconf 88' lang='lat' dir='ltr'><strong>laud.</strong></span> 
     </span>
    </p>
   </div>
   <div class='ocr_carea' id='block_1_5' title="bbox 485 2064 2005 2220">
    <p class='ocr_par' dir='ltr' id='par_1_6' title="bbox 485 2064 2005 2220">
     <span class='ocr_line' id='line_1_30' title="bbox 485 2064 2004 2107; baseline 0.003 -15"><span class='ocrx_word' id='word_1_327' title='bbox 485 2064 529 2100; x_wconf 55' lang='grc' dir='ltr'><strong>θ’)</strong></span> <span class='ocrx_word' id='word_1_328' title='bbox 563 2065 692 2102; x_wconf 71' lang='lat' dir='ltr'><strong>Propter</strong></span> <span class='ocrx_word' id='word_1_329' title='bbox 718 2065 748 2093; x_wconf 83' lang='lat' dir='ltr'><strong>id</strong></span> <span class='ocrx_word' id='word_1_330' title='bbox 774 2066 872 2103; x_wconf 84' lang='lat' dir='ltr'><strong>ipsum</strong></span> <span class='ocrx_word' id='word_1_331' title='bbox 897 2066 1009 2104; x_wconf 83' lang='lat' dir='ltr'><strong>ingenii</strong></span> <span class='ocrx_word' id='word_1_332' title='bbox 1035 2076 1178 2099; x_wconf 79' lang='lat' dir='ltr'><strong>acumen,</strong></span> <span class='ocrx_word' id='word_1_333' title='bbox 1214 2077 1307 2105; x_wconf 86' lang='lat' dir='ltr'><strong>quum</strong></span> <span class='ocrx_word' id='word_1_334' title='bbox 1333 2078 1551 2106; x_wconf 86' lang='lat' dir='ltr'><strong>nonnunquam</strong></span> <span class='ocrx_word' id='word_1_335' title='bbox 1583 2068 1672 2098; x_wconf 84' lang='lat' dir='ltr'><strong>nimis</strong></span> <span class='ocrx_word' id='word_1_336' title='bbox 1703 2069 1879 2107; x_wconf 81' lang='lat' dir='ltr'><strong>petulanter</strong></span> <span class='ocrx_word' id='word_1_337' title='bbox 1914 2068 2004 2101; x_wconf 74' lang='lat' dir='ltr'><strong>sales,</strong></span> 
     </span>
     <span class='ocr_line' id='line_1_31' title="bbox 561 2120 2004 2163; baseline 0.003 -15"><span class='ocrx_word' id='word_1_338' title='bbox 561 2120 672 2158; x_wconf 81' lang='lat' dir='ltr'><strong>quibus</strong></span> <span class='ocrx_word' id='word_1_339' title='bbox 697 2131 802 2149; x_wconf 84' lang='lat' dir='ltr'><strong>omnes</strong></span> <span class='ocrx_word' id='word_1_340' title='bbox 828 2123 999 2159; x_wconf 84' lang='lat' dir='ltr'><strong>superavit,</strong></span> <span class='ocrx_word' id='word_1_341' title='bbox 1026 2124 1058 2151; x_wconf 87' lang='lat' dir='ltr'><strong>in</strong></span> <span class='ocrx_word' id='word_1_342' title='bbox 1084 2123 1184 2155; x_wconf 82' lang='lat' dir='ltr'><strong>viros,</strong></span> <span class='ocrx_word' id='word_1_343' title='bbox 1210 2123 1263 2161; x_wconf 88' lang='lat' dir='ltr'><strong>qui</strong></span> <span class='ocrx_word' id='word_1_344' title='bbox 1283 2123 1331 2161; x_wconf 87' lang='lat' dir='ltr'><strong>pia</strong></span> <span class='ocrx_word' id='word_1_345' title='bbox 1350 2124 1547 2153; x_wconf 78' lang='lat' dir='ltr'><strong>veneratione</strong></span> <span class='ocrx_word' id='word_1_346' title='bbox 1566 2125 1676 2163; x_wconf 78' lang='lat' dir='ltr'><strong>magis,</strong></span> <span class='ocrx_word' id='word_1_347' title='bbox 1701 2135 1791 2163; x_wconf 86' lang='lat' dir='ltr'><strong>quam</strong></span> <span class='ocrx_word' id='word_1_348' title='bbox 1812 2125 2004 2154; x_wconf 79' lang='lat' dir='ltr'><strong>cavillatione</strong></span> 
     </span>
     <span class='ocr_line' id='line_1_32' title="bbox 559 2177 2005 2220; baseline 0.002 -15"><span class='ocrx_word' id='word_1_349' title='bbox 559 2177 608 2205; x_wconf 80' lang='lat' dir='ltr'><strong>vel</strong></span> <span class='ocrx_word' id='word_1_350' title='bbox 630 2177 784 2206; x_wconf 79' lang='lat' dir='ltr'><strong>levissima</strong></span> <span class='ocrx_word' id='word_1_351' title='bbox 805 2178 889 2217; x_wconf 83' lang='lat' dir='ltr'><strong>digni</strong></span> <span class='ocrx_word' id='word_1_352' title='bbox 908 2179 1102 2211; x_wconf 81' lang='lat' dir='ltr'><strong>viderentur,</strong></span> <span class='ocrx_word' id='word_1_353' title='bbox 1130 2178 1253 2212; x_wconf 81' lang='lat' dir='ltr'><strong>effudit,</strong></span> <span class='ocrx_word' id='word_1_354' title='bbox 1278 2180 1443 2209; x_wconf 88' lang='lat' dir='ltr'><strong>multorum</strong></span> <span class='ocrx_word' id='word_1_355' title='bbox 1462 2180 1537 2209; x_wconf 87' lang='lat' dir='ltr'><strong>iram</strong></span> <span class='ocrx_word' id='word_1_356' title='bbox 1557 2181 1720 2220; x_wconf 85' lang='lat' dir='ltr'><strong>odiumque</strong></span> <span class='ocrx_word' id='word_1_357' title='bbox 1739 2181 1771 2209; x_wconf 85' lang='lat' dir='ltr'><strong>in</strong></span> <span class='ocrx_word' id='word_1_358' title='bbox 1791 2190 1824 2210; x_wconf 82' lang='lat' dir='ltr'><strong>se</strong></span> <span class='ocrx_word' id='word_1_359' title='bbox 1842 2180 1907 2219; x_wconf 83' lang='lat' dir='ltr'><strong>ipse</strong></span> <span class='ocrx_word' id='word_1_360' title='bbox 1927 2179 2005 2209; x_wconf 84' lang='lat' dir='ltr'><strong>exci-</strong></span> 
     </span>
    </p>
   </div>
   <div class='ocr_carea' id='block_1_6' title="bbox 558 2230 2006 2281">
    <p class='ocr_par' dir='ltr' id='par_1_7' title="bbox 558 2230 2006 2281">
     <span class='ocr_line' id='line_1_33' title="bbox 558 2230 2006 2281; baseline 0.003 -15"><span class='ocrx_word' id='word_1_361' title='bbox 558 2240 643 2267; x_wconf 83' lang='lat' dir='ltr'><strong>tavit.</strong></span> <span class='ocrx_word' id='word_1_362' title='bbox 662 2239 702 2267; x_wconf 75' lang='lat' dir='ltr'><strong>ef.</strong></span> <span class='ocrx_word' id='word_1_363' title='bbox 724 2240 826 2269; x_wconf 79' lang='lat' dir='ltr'><strong>schol.</strong></span> <span class='ocrx_word' id='word_1_364' title='bbox 846 2241 884 2268; x_wconf 92' lang='lat' dir='ltr'><strong>ad</strong></span> <span class='ocrx_word' id='word_1_365' title='bbox 902 2240 1012 2269; x_wconf 85' lang='lat' dir='ltr'><strong>librum</strong></span> <span class='ocrx_word' id='word_1_366' title='bbox 1038 2242 1076 2269; x_wconf 87' lang='lat' dir='ltr'><strong>de</strong></span> <span class='ocrx_word' id='word_1_367' title='bbox 1101 2245 1201 2269; x_wconf 76' lang='lat' dir='ltr'><strong>morte</strong></span> <span class='ocrx_word' id='word_1_368' title='bbox 1226 2243 1380 2280; x_wconf 84' lang='lat' dir='ltr'><strong>peregrini</strong></span> <span class='ocrx_word' id='word_1_369' title='bbox 1409 2233 1485 2278; x_wconf 57' lang='lat' dir='ltr'><strong>„oia</strong></span> <span class='ocrx_word' id='word_1_370' title='bbox 1505 2239 1629 2281; x_wconf 74' lang='grc' dir='ltr'>ληρεῖς,</span> <span class='ocrx_word' id='word_1_371' title='bbox 1658 2230 1683 2272; x_wconf 68' lang='grc' dir='ltr'><em>ὦ</em></span> <span class='ocrx_word' id='word_1_372' title='bbox 1703 2232 1891 2281; x_wconf 68' lang='grc' dir='ltr'><strong>κατάρατε,</strong></span> <span class='ocrx_word' id='word_1_373' title='bbox 1915 2231 2006 2271; x_wconf 63' lang='grc' dir='ltr'><strong>κατὰ</strong></span> 
     </span>
    </p>
   </div>
   <div class='ocr_carea' id='block_1_7' title="bbox 558 2292 2005 2396">
    <p class='ocr_par' dir='ltr' id='par_1_8' title="bbox 558 2292 2005 2396">
     <span class='ocr_line' id='line_1_34' title="bbox 558 2292 2005 2347; baseline 0.003 -17"><span class='ocrx_word' id='word_1_374' title='bbox 558 2297 615 2330; x_wconf 78' lang='grc' dir='ltr'><strong>τοῦ</strong></span> <span class='ocrx_word' id='word_1_375' title='bbox 640 2297 800 2341; x_wconf 68' lang='grc' dir='ltr'>Σωτῆρος</span> <span class='ocrx_word' id='word_1_376' title='bbox 811 2298 964 2341; x_wconf 80' lang='grc' dir='ltr'><strong>Χριστοῦ,</strong></span> <span class='ocrx_word' id='word_1_377' title='bbox 985 2293 1023 2338; x_wconf 76' lang='grc' dir='ltr'><strong>’ὃς</strong></span> <span class='ocrx_word' id='word_1_378' title='bbox 1045 2310 1081 2333; x_wconf 82' lang='grc' dir='ltr'><strong>σε</strong></span> <span class='ocrx_word' id='word_1_379' title='bbox 1102 2296 1161 2332; x_wconf 81' lang='grc' dir='ltr'><strong>καί</strong></span> <span class='ocrx_word' id='word_1_380' title='bbox 1180 2292 1296 2332; x_wconf 71' lang='grc' dir='ltr'>τούτου</span> <span class='ocrx_word' id='word_1_381' title='bbox 1313 2298 1415 2333; x_wconf 76' lang='grc' dir='ltr'><strong>ἕνεκεν</strong></span> <span class='ocrx_word' id='word_1_382' title='bbox 1429 2293 1579 2347; x_wconf 74' lang='grc' dir='ltr'>ἀθανάτῳ</span> <span class='ocrx_word' id='word_1_383' title='bbox 1587 2295 1776 2345; x_wconf 68' lang='grc' dir='ltr'>παραδόσει</span> <span class='ocrx_word' id='word_1_384' title='bbox 1785 2294 1924 2335; x_wconf 63' lang='lat' dir='ltr'><strong>mdccc</strong></span> <span class='ocrx_word' id='word_1_385' title='bbox 1934 2301 2005 2334; x_wconf 81' lang='grc' dir='ltr'><strong>κτλ.</strong></span> 
     </span>
     <span class='ocr_line' id='line_1_35' title="bbox 562 2359 841 2396; baseline 0.004 -10"><span class='ocrx_word' id='word_1_386' title='bbox 562 2359 677 2386; x_wconf 82' lang='lat' dir='ltr'><strong>Erasm.</strong></span> <span class='ocrx_word' id='word_1_387' title='bbox 697 2359 783 2396; x_wconf 85' lang='lat' dir='ltr'><strong>epist.</strong></span> <span class='ocrx_word' id='word_1_388' title='bbox 805 2359 841 2387; x_wconf 85' lang='lat' dir='ltr'><strong>V.</strong></span> 
     </span>
    </p>
   </div>
  </div>
 </body>
</html>
