2295 2888
1070 144 1126 191 29

229 274 312 309 pere
341 262 487 296 animum
516 261 559 295 ad
584 261 757 295 literarum
787 273 983 307 graecarum
1013 262 1158 296 studium
1188 261 1400 296 adiunxerint
1429 266 1463 295 et
1495 261 1538 294 ad
1561 259 1714 294 Graecos
1744 260 1839 305 ipsos
1868 264 1905 292 ut
1933 258 1968 292 in

230 323 321 358 omni
352 330 423 358 arte
452 329 491 358 at:
521 323 699 370 disciplina
727 323 777 357 sic
804 323 840 357 in
868 323 1008 358 historia
1036 337 1073 359 se
1100 330 1191 361 totos
1220 323 1473 370 composuerint
1493 335 1563 357 non
1587 329 1658 365 est,
1693 322 1785 368 quod
1814 321 1969 367 pluribus

227 399 412 421 moneam..
435 386 523 420 Nam
544 392 724 432 postquam
747 385 889 421 Graecia
902 388 975 421 ‘suh
1003 389 1230 423 Romanorum
1259 392 1463 433 potestatem
1491 386 1627 433 redacta
1657 391 1728 427 est,
1755 383 1882 418 nullam
1912 396 1969 430 ap-

228 448 388 495 petebant
412 448 480 482 nisi
502 450 575 482 eain
597 448 730 482 laudem
751 446 908 492 Romani,
931 456 968 483 ut
990 450 1019 484 si
1042 462 1110 484 non
1131 456 1258 484 tantum
1281 448 1433 483 Graecos
1462 447 1602 493 ingenio
1624 458 1785 493 superare
1812 452 1965 492 possent,

229 516 388 556 quantum
410 511 532 545 bellica
554 511 676 545 virtute
700 517 734 545 et
756 511 865 562 gloria
887 512 1062 556 vicissent,
1097 520 1130 548 at
1152 514 1269 548 saltem
1291 511 1458 558 elegantia
1481 510 1700 557 doctrinaque
1724 522 1784 544 cos
1806 521 1969 555 aequasse

228 573 432 621 viderentur.
485 575 559 609 Cic.
583 573 685 608 Tusc.
709 574 832 620 disput.
853 574 891 618 1,
922 578 952 609 1.
976 575 1011 609 in
1032 576 1130 611 laude
1153 577 1222 611 suis
1246 575 1424 610 tribuenda
1445 574 1569 608 nimius
1592 579 1660 608 est:
1689 585 1819 616 meum,
1846 571 1967 618 inquit,

228 648 363 682 semper
391 636 551 671 iudicium
579 637 662 680 fuit,
695 637 806 670 omnia
827 643 962 671 nostros
985 645 1041 672 ant
1063 639 1229 673 invenisse
1250 651 1314 684 per
1337 650 1374 671 se
1399 637 1585 683 sapientius
1607 649 1706 682 quam
1729 634 1882 669 Graecos
1913 640 1970 668 aut

228 704 366 746 accepta
387 699 429 733 ab
451 699 519 733 illis
541 699 664 734 recisse
686 699 824 734 meliora
848 701 954 740 (conf.
979 701 1024 735 ad
1041 702 1074 735 h.
1099 701 1122 736 l.
1144 701 1343 736 Rfilmerum
1369 704 1516 743 meum);
1539 699 1597 746 qui
1619 699 1710 733 idem
1731 697 1855 733 Cicero
1878 697 1969 730 Thu-

228 761 383 807 cydidem
405 762 486 796 dicit
500 763 606 796 'Brut.
628 764 672 795 83
694 775 832 806 „rerum
856 769 1025 814 gestarum
1047 765 1334 810 pronuntiatorem
1361 764 1529 797 sincerum
1551 769 1585 796 et
1609 762 1811 808 grandem.“

359 825 436 859 Etsi
457 837 541 859 vero
562 837 632 859 non
655 825 832 859 defuerunt
854 831 910 860 aut
931 826 1019 860 inter
1040 825 1188 861 Graecos
1211 833 1268 861 aut
1290 826 1378 860 inter
1399 826 1592 868 Romanos,
1631 825 1689 871 qui
1712 837 1788 858 cum
1812 824 1854 858 de
1877 822 1968 856 Thu-

228 887 358 934 cydidis
383 872 529 923 dictione
552 878 634 935 spid
654 889 739 936 ipsis
761 888 931 924 videretur
953 890 1154 934 scriberent,
1182 896 1253 925 tum
1276 890 1318 924 de
1345 889 1493 932 ratione,
1528 901 1593 936 qua
1617 887 1791 923 historiam
1814 893 1848 921 et
1873 885 1967 920 iusti·

227 950 329 984 tuerit
351 956 384 984 et
407 951 590 986 absolverit
610 952 700 985 haud
720 952 929 998 ineleganter
948 953 1150 996 iudicarent,
1179 965 1278 987 nemo
1308 959 1419 986 tamen
1448 965 1565 987 eorum
1588 964 1674 998 quos
1697 951 1853 997 equidem
1874 950 1966 994 lege—

227 1013 292 1046 rim
314 1014 356 1047 de
378 1020 449 1048 arte
471 1013 631 1048 historica
654 1014 883 1060 quaestionem
911 1015 1095 1049 instituisse
1122 1015 1254 1050 videtur
1277 1027 1373 1057 eam,
1404 1027 1469 1060 qua
1495 1014 1524 1048 si
1552 1014 1662 1050 minus
1692 1019 1796 1048 totam
1821 1025 1893 1046 rem
1921 1011 1965 1049 ad

226 1075 391 1122 liquidum
414 1076 613 1123 perduceret
636 1082 669 1110 at
691 1076 737 1110 ita
762 1082 936 1124 tractaret,
966 1083 1002 1112 ut
1032 1077 1154 1112 habeas
1175 1077 1211 1112 in
1235 1089 1304 1124 quo
1329 1077 1441 1123 aliquo
1465 1077 1566 1113 modo
1597 1076 1811 1123 acquiescere
1837 1073 1962 1121 possis·

226 1138 281 1171 Ex
302 1138 546 1172 recentioribus
568 1139 664 1172 multi
686 1145 764 1173 sunt
785 1139 874 1185 iique
897 1146 930 1173 et
952 1140 993 1173 ab
1018 1140 1168 1174 doctrina
1190 1147 1223 1174 et
1247 1140 1289 1174 ab
1311 1139 1449 1184 iugenio
1473 1138 1710 1185 spectatissimi
1731 1138 1817 1180 viri,
1845 1136 1903 1182 qui
1926 1135 1963 1169 in

226 1201 459 1246 Thucydidem
480 1201 713 1236 illustrandum
735 1202 914 1248 plurimum
939 1202 1039 1236 studii
1062 1208 1161 1249 atque
1184 1215 1308 1248 operae
1332 1202 1545 1236 conferentes
1567 1207 1604 1235 ut
1626 1201 1747 1235 iustam
1769 1200 1842 1234 eins
1863 1197 1963 1232 aesti-

226 1263 406 1297 mationem
435 1263 650 1298 instituerunt
679 1276 858 1311 veramque
885 1264 1112 1310 cognitionem
1145 1270 1386 1310 promoverunt
1413 1270 1446 1297 et
1470 1264 1576 1297 adhuc
1599 1268 1820 1309 promovent,
1849 1262 1895 1295 ita
1918 1261 1961 1294 de

226 1333 297 1360 arte
319 1326 491 1370 historica,
514 1338 600 1373 quae
621 1326 657 1360 in
680 1327 751 1360 eius
772 1326 860 1360 libro
885 1339 983 1373 quam
1004 1327 1146 1361 maxime
1168 1327 1327 1369 cernitur,
1351 1339 1478 1360 summa
1503 1339 1578 1360 cum
1597 1325 1696 1359 laude
1718 1325 1959 1359 disseruerunt.

226 1387 298 1424 Sed
313 1394 446 1436 tempus
469 1401 523 1423 me
545 1388 702 1424 deficeret
723 1394 768 1434 et,
793 1401 892 1436 quam
913 1378 1006 1424 meae
1029 1389 1185 1423 breviatis
1210 1401 1343 1423 cansam
1366 1389 1432 1422 iam
1454 1389 1587 1435 saepius
1611 1400 1673 1434 per
1694 1388 1780 1421 hanc
1803 1386 1960 1432 scriptio-

225 1465 300 1486 nem
328 1452 442 1493 attuli,
471 1451 625 1494 modum,
659 1464 757 1497 quem
778 1453 843 1485 hoc
865 1452 901 1484 in
914 1439 1047 1496 'genere
1070 1452 1151 1485 mihi
1173 1453 1441 1485 constituendum
1464 1451 1597 1493 censui,
1625 1464 1693 1484 nou
1717 1462 1904 1492 servarem,
1929 1448 1960 1482 si

225 1528 309 1563 quae
334 1527 353 1550 a
375 1513 518 1561 singulis
541 1514 583 1549 de
606 1513 768 1561 singulari
786 1513 987 1562 Thucydidii
1008 1513 1087 1549 libri
1110 1513 1311 1562 praestantia
1335 1519 1412 1549 sunt
1439 1513 1538 1558 dicta,
1563 1519 1723 1561 quantum
1742 1524 1808 1559 ego
1823 1510 1961 1559 quidem

225 1577 442 1623 cognoverim
469 1577 590 1611 vellem
619 1578 784 1623 proferre.
829 1577 923 1624 Quid
951 1577 1078 1610 multa?
1111 1597 1149 1602 —
1178 1577 1277 1610 Unde
1313 1577 1471 1610 historiae
1505 1577 1703 1610 scribendae
1736 1576 1889 1620 regulam
1925 1581 1961 1608 et

224 1641 318 1685 leges
345 1645 556 1684 repetamus,
587 1626 795 1684 Thucydidis
823 1640 911 1674 libro
940 1639 1079 1684 egregio
1108 1652 1169 1673 nec
1199 1639 1390 1673 uberiorem
1413 1652 1476 1673 nee
1498 1639 1676 1673 certiorem
1706 1639 1837 1672 fontem
1860 1637 1960 1671 habe·

198 1724 208 1736 .
222 1713 307 1735 mus,
350 1699 486 1733 Etenim
509 1699 552 1733 ad
574 1691 720 1741 stu'dium
742 1700 949 1747 Thucydidis
973 1701 1002 1733 si
1027 1700 1101 1747 quis
1123 1700 1169 1733 ita
1192 1712 1229 1733 sc
1252 1701 1430 1733 contulerit
1452 1706 1488 1733 ut
1510 1713 1579 1733 non
1601 1700 1636 1732 in
1660 1700 1732 1732 sola
1756 1712 1886 1741 rerum,
1917 1699 1959 1731 de

223 1739 507 1810 quibuszxponit
529 1763 676 1809 scriptor
697 1769 868 1808 gestarum
891 1763 1084 1809 cognitione
1102 1776 1139 1798 se
1161 1762 1334 1797 continens
1355 1763 1389 1797 iu
1409 1776 1466 1797 eas
1485 1763 1699 1810 inquisivisse
1722 1762 1803 1797 satis
1825 1762 1958 1805 habeat,

223 1825 283 1860 sed
308 1825 344 1859 id
371 1825 406 1859 in
434 1824 579 1871 legendo
604 1830 750 1871 spectet,
781 1830 817 1859 ut
838 1824 917 1858 libri
939 1825 1233 1872 compositionem,
1268 1838 1353 1872 quae
1376 1825 1516 1869 dicitur,
1553 1837 1652 1872 quam
1680 1832 1794 1872 potest
1822 1825 1958 1871 penitus

223 1893 421 1933 pernoscat,
445 1887 476 1920 ei
499 1881 566 1931 quo
590 1887 782 1931 diligentius
807 1886 1084 1932 quemadmodum
1107 1888 1286 1921 historicus
1310 1889 1345 1921 in
1368 1895 1439 1921 arte
1462 1901 1521 1920 sna
1544 1895 1710 1930 versetur,
1735 1888 1894 1929 attendit,
1918 1900 1960 1921 eo

222 1948 427 1996 praeclarius
450 1948 625 1995 apparebit
647 1948 682 1982 id
705 1949 796 1994 quod
819 1948 920 1983 modo
943 1948 1031 1992 dixi,
1063 1948 1293 1994 Thucydidem
1319 1963 1394 1984 csse
1423 1949 1581 1996 optimam
1609 1949 1842 1996 disciplinam,
1870 1949 1961 1984 unde

223 2012 288 2046 sibi
311 2012 453 2058 quisque
475 2011 664 2057 exemplum
687 2011 767 2044 artis
790 2011 968 2045 historicae
990 2011 1278 2057 spectatissimum
1293 2019 1452 2058 expetere
1475 2013 1594 2058 possit.
1648 2013 1816 2046 Historiei
1839 2024 1959 2045 munus

221 2081 289 2109 tam
311 2074 439 2108 varium
461 2079 530 2116 est,
560 2079 695 2119 tamque
718 2066 911 2119 multiplex,
940 2066 984 2108 ut·
998 2074 1056 2107 vix
1076 2074 1189 2108 verbis
1212 2087 1391 2121 assequare
1414 2082 1572 2121 quantum
1595 2071 1670 2109 cum
1693 2075 1820 2109 laboris
1845 2074 1961 2108 studii·

223 2149 288 2184 que
310 2142 344 2171 et
366 2136 558 2182 diligentiae
581 2141 651 2169 tum
673 2135 800 2181 ingenii
826 2142 860 2170 et
887 2136 1071 2183 sapientiae
1092 2136 1355 2183 prudentiaeque
1382 2149 1469 2184 opus
1492 2138 1536 2172 sit
1560 2138 1609 2181 ei,
1646 2137 1704 2184 qui
1725 2144 1817 2172 recte
1841 2143 1962 2171 cuneta

220 2199 373 2233 historici
395 2198 512 2232 officia-
527 2198 608 2232 velit
630 2198 782 2244 explere:
816 2198 1068 2244 investigandae
1090 2205 1168 2233 suut
1189 2211 1245 2233 res
1268 2200 1418 2243 abditae,
1449 2200 1630 2247 dissipatae
1653 2201 1708 2235 vel
1729 2201 1883 2235 locorum
1905 2199 1959 2234 vel

220 2267 410 2308 temporum
431 2259 605 2295 intervallo
628 2259 664 2294 in
685 2272 788 2295 uuum
810 2260 1004 2308 adspectum
1027 2261 1254 2307 colligendae3
1283 2262 1483 2309 praeteritae
1504 2269 1540 2297 et
1560 2263 1731 2298 oblivione
1753 2263 1894 2298 obrutae
1918 2262 1962 2296 ad

221 2336 334 2358 veram
361 2325 525 2358 rationem
555 2323 811 2366 examinandae,
846 2331 923 2357 cum
951 2324 1183 2369 praesentibus
1215 2325 1458 2368 conferendae,
1492 2326 1642 2360 omnium
1667 2326 1813 2372 denique
1847 2339 1961 2360 rerum

1713 2388 1732 2417 8
