2341 2888
1101 170 1156 214 27

260 291 304 326 ex
333 285 409 333 ipso
437 285 626 332 scriptoris
643 285 779 332 ingenio
809 291 963 333 repetere
991 292 1026 321 et
1054 298 1261 333 cognoscere
1289 291 1323 319 et
1345 285 1532 332 ponderare
1555 273 1717 329 debehat,
1749 286 1791 320 ad
1812 284 1866 319 sui
1890 285 1999 332 ipsius

261 349 375 396 pusilli
404 348 532 395 ingenii
560 349 724 391 rationem
753 349 905 395 exigeret
926 362 1036 397 neque
1059 350 1268 396 Thucydidis
1289 355 1440 399 naturam
1462 355 1495 383 ct
1517 349 1690 395 ingenium
1712 350 1797 383 adeo
1823 355 1997 382 assecutus

259 413 429 456 videatur,
460 418 497 446 ut
519 424 539 445 a
562 411 727 457 scriptore
749 412 952 458 intelligeret
972 413 1093 456 verba,
1126 413 1248 460 quihus
1269 412 1313 446 ad
1336 425 1390 446 rcs
1413 418 1526 458 gestas
1553 412 1768 458 explicandas
1791 418 1848 446 aut
1872 411 1915 446 ad
1939 412 1996 446 ho·

258 475 385 509 minum
416 487 528 509 mores
558 473 791 520 depingendus
820 480 969 509 uteretur
994 488 1062 510 non
1091 475 1188 510 auxie
1216 470 1493 522 circumspectata
1522 480 1578 508 aut
1608 487 1709 521 aegre
1732 488 1807 509 esse
1831 474 1993 522 quaesita,

256 538 318 572 scd
347 538 454 584 ipsius
483 532 559 571 enfin
589 536 690 569 animi
719 537 752 570 vi
781 550 819 570 ac
849 538 982 571 fervore
1011 545 1132 584 sponte
1163 539 1322 572 disertum
1346 550 1418 570 eam
1442 537 1627 570 orationem
1651 538 1861 583 prodidisse,
1892 550 1992 583 quani

255 607 382 636 tantum
405 601 500 635 ahest
522 605 559 634 ut
581 599 718 633 summis
741 599 821 634 artis
843 599 976 646 legibus
1002 600 1180 635 convenire
1209 601 1318 643 dieas,
1350 606 1386 635 ut
1414 600 1486 646 ipsa
1515 613 1578 647 per
1607 613 1644 634 se
1673 613 1732 634 sua
1755 600 1787 635 vi
1812 613 1851 635 ac
1873 606 1991 634 natura

256 665 300 698 sit
322 663 438 709 regula
462 670 561 709 atque
587 663 775 708 esemplar,
808 663 896 696 unde
918 663 1008 696 illius
1032 663 1114 697 artis
1137 664 1230 708 leges
1253 670 1345 697 recte
1368 670 1497 708 petam,
1519 663 1621 696 Hunc
1644 663 1678 696 in
1702 664 1838 697 modum
1861 663 1991 707 Diony·

255 727 325 761 sius
347 738 464 773 parum
487 731 578 760 recte
602 725 643 758 de
667 724 868 771 Thucydidii
891 724 1004 771 operis
1026 725 1140 760 indole
1162 725 1327 760 iudicasse
1351 737 1484 771 semper
1511 725 1591 766 mihi
1620 725 1712 758 visus
1741 731 1809 769 est,
1843 725 1989 771 quoties-

255 802 386 836 cunque
408 789 532 835 scripta
555 788 626 822 eius
648 788 823 838 relegens,
855 788 1024 834 quomodo
1046 789 1095 822 ibi
1119 802 1269 835 quaeque
1293 788 1335 822 de
1357 787 1553 834 Thucydide
1577 788 1720 822 iudicata
1743 789 1827 831 sint,
1858 794 1988 834 specta·

254 854 342 888 ham.
395 850 538 886 Dicendi
569 862 676 896 genus
704 849 911 896 Thucydidis
942 849 971 883 si
1001 849 1109 897 ipsam
1135 851 1314 885 verborum
1344 850 1411 883 vim
1443 855 1475 883 et
1503 850 1687 884 iuncturam
1717 863 1756 884 ac
1788 850 1986 896 gravitatem

254 916 510 957 sententiarum,
535 926 618 960 quas
641 913 676 946 in
700 912 906 961 orationihus
930 913 966 947 in
987 914 1106 960 primis
1128 913 1354 961 exprompsit,
1378 913 1588 957 consideres,
1611 913 1657 947 ita
1679 913 1721 947 ah
1741 913 1798 948 illa
1821 913 1986 960 posterio-

252 993 325 1014 rum
348 978 539 1013 Aflicorum
566 982 735 1009 oratorum
766 975 927 1021 castigata
956 976 1145 1023 eloquentia
1173 977 1336 1011 decedere
1358 976 1525 1022 reperies,
1554 982 1590 1009 ut
1615 975 1757 1009 Phidiae
1780 988 1884 1022 opera
1907 976 1985 1009 sub·

253 1042 390 1076 limitate
414 1046 447 1073 ct
470 1038 589 1084 grandi
612 1037 825 1083 simplicitate
854 1050 873 1070 a
901 1038 1016 1072 nitidis
1045 1039 1112 1072 illis
1138 1037 1290 1084 Scopae,
1322 1038 1518 1081 Praxitelis,
1550 1037 1693 1084 Lysippi
1717 1038 1865 1071 artificiis
1889 1044 1984 1071 eraut

252 1104 380 1147 diversa
393 1103 455 1143 ⁶¹).

381 1165 509 1199 Contra
531 1162 718 1205 Lucianus,
748 1162 805 1208 qui
835 1169 868 1197 et
894 1162 968 1209 ipse
990 1163 1039 1197 de
1066 1163 1164 1196 huius
1186 1163 1321 1209 generis
1345 1169 1540 1209 arg-umento
1565 1163 1593 1196 si
1616 1175 1685 1196 non
1707 1162 1807 1208 plene
1831 1170 1866 1196 at
1887 1163 1982 1208 inge·

250 1229 345 1263 niose
369 1226 522 1272 scripsit,
552 1231 587 1258 nt
610 1225 712 1269 longe
736 1225 901 1258 diversam
923 1238 942 1258 a
964 1225 1130 1271 Dionysio
1153 1225 1316 1259 rationem
1339 1238 1377 1259 ac
1399 1226 1486 1259 viam
1508 1226 1680 1270 ingressus
1705 1231 1774 1265 est,
1809 1238 1874 1270 qua
1899 1225 1981 1270 quid

249 1290 463 1337 Thucydides
486 1289 521 1322 in
545 1287 683 1322 historia
706 1287 882 1322 scribenda
904 1295 1102 1322 consecutus
1127 1295 1160 1322 et
1184 1301 1250 1335 quo
1274 1288 1414 1322 consilio
1437 1289 1554 1322 ductus
1576 1288 1611 1321 in
1634 1288 1867 1334 componendo
1890 1287 1979 1322 libro

250 1360 399 1390 versatus
422 1357 511 1386 esset
532 1350 751 1395 intelligeret,
780 1350 826 1383 ita
855 1350 980 1384 maiore
1009 1351 1142 1397 quidem
1174 1364 1272 1397 quain
1297 1351 1353 1384 ille
1377 1351 1511 1384 criticus
1535 1351 1631 1383 laude
1660 1350 1782 1395 dignus
1804 1351 1979 1384 habendus

249 1430 322 1453 esse
346 1416 487 1450 videtur.
533 1413 686 1458 Namque
712 1419 745 1446 et
772 1412 813 1446 de
840 1413 999 1446 historiae
1028 1413 1222 1447 scribendae
1251 1414 1392 1447 consilio
1418 1413 1612 1459 rationeque
1642 1413 1747 1446 multo
1771 1426 1871 1459 quam
1895 1413 1978 1447 Dio-

247 1479 362 1526 nysius
391 1476 503 1511 verius
528 1475 674 1521 disputat
702 1480 736 1508 et
758 1474 912 1508 subtilius
935 1475 1006 1508 eius
1030 1475 1130 1509 studii
1153 1476 1235 1509 fines
1265 1475 1459 1521 descripsit,
1492 1487 1592 1521 quum
1621 1481 1799 1521 praecepta
1830 1475 1872 1509 ab
1900 1474 1977 1521 ipso

246 1541 366 1576 traditu
394 1552 463 1573 non
483 1545 551 1571 tam
573 1544 743 1570 externam
765 1536 924 1571 historiae
948 1538 1097 1583 speeiem
1119 1545 1287 1584 spectent,
1318 1551 1416 1584 quam
1444 1551 1485 1571 cx
1514 1551 1626 1571 rerum
1649 1537 1895 1572 tractandarum
1919 1551 1976 1572 na-

246 1611 321 1640 tura
349 1607 382 1637 et
412 1601 486 1648 ipsa
516 1597 691 1646 scriptoris
720 1598 834 1632 indole
861 1599 1002 1646 repetita
1034 1599 1110 1634 sint.
1163 1599 1280 1646 Itaque
1308 1599 1537 1646 Thucydidem
1567 1599 1680 1645 mag-ni
1708 1599 1879 1643 aestimat,
1910 1613 1976 1634 ma·

246 1678 415 1712 gnumque
439 1664 530 1704 eius,
561 1662 617 1708 qui
647 1674 756 1707 neque
785 1663 855 1696 irae
881 1662 1059 1708 quidquam
1089 1676 1196 1708 neque
1225 1664 1336 1697 studio
1362 1664 1500 1705 tribuat,
1531 1663 1675 1696 animum
1685 1663 1739 1703 ⁶⁸)
1762 1663 1886 1699 uilius
1909 1664 1974 1697 nisi

464 1764 508 1800 ⁵¹)
541 1762 575 1790 C.
594 1761 680 1790 odfr.
700 1761 813 1790 Miiller
831 1762 850 1790 l.
869 1761 890 1790 l.
909 1772 936 1799 p.
955 1763 1018 1791 352.
1037 1763 1250 1802 „Thuhydidcs
1265 1763 1317 1791 hat
1331 1764 1371 1791 im
1386 1763 1635 1801 Wortgehrauch
1650 1762 1699 1791 die
1712 1764 1831 1801 grosstc
1844 1763 1974 1792 Schirse

536 1817 599 1846 und
618 1816 782 1849 Pricisiom
801 1817 918 1846 welche
938 1818 996 1846 alle
1018 1818 1233 1856 voniiglichen
1252 1818 1476 1846 Schriftstellcr
1495 1818 1596 1846 dieser
1615 1818 1682 1846 Zeit
1701 1818 1905 1850 nuszeichuch
1927 1829 1974 1847 wo

533 1874 620 1911 jedes
650 1872 746 1900 Wort
771 1873 804 1900 in
832 1874 912 1901 allen
941 1874 1046 1902 seinen
1070 1874 1199 1902 Theilcn
1226 1875 1258 1902 in
1283 1876 1382 1903 voller
1409 1874 1633 1903 Bestimmtheit
1661 1883 1841 1911 genommcn
1869 1875 1975 1902 wir-‹b‘

536 1928 633 1957 Multa
657 1936 739 1960 esse,
758 1936 836 1966 quae
854 1932 960 1957 eontra
982 1928 1188 1968 Thucydidiac
1207 1930 1352 1958 orationis
1371 1929 1592 1967 simplicitatem
1611 1937 1782 1966 repugnare
1802 1929 1973 1961 videantur,

537 1993 599 2012 non
623 1993 739 2020 ignoro.

460 2041 503 2077 ⁵²)
535 2039 673 2068 Luciam:
694 2039 843 2077 quomodo
862 2039 968 2068 histor.
987 2039 1133 2068 conscrib.
1152 2049 1195 2082 cp.
1214 2039 1358 2069 ΧΧΧΙΧ.
1397 2040 1593 2068 Contrarium
1612 2044 1668 2071 est,
1688 2040 1770 2077 quod
1789 2039 1913 2079 Dionys.
1933 2041 1971 2069 de

534 2100 709 2139 Thucydide
732 2101 858 2129 iudicat:
882 2102 968 2139 epist.
988 2101 1025 2129 ad
1044 2102 1175 2139 Pompei.
1194 2111 1237 2139 ep.
1259 2104 1310 2132 ιιι.
1330 2113 1357 2140 p.
1375 2102 1412 2131 38
1432 2103 1477 2131 ed.
1497 2102 1608 2140 meg„
1633 2091 1656 2140 ἡ
1680 2095 1877 2130 Θουκυδίδου
1901 2093 1971 2130 διά-

534 2160 617 2196 Θεσις
646 2149 843 2197 adoinoia&
871 2169 923 2197 τις
950 2155 1007 2191 καὶ
1035 2153 1135 2201 πικροὶ
1163 2156 1220 2191 καὶ
1247 2159 1290 2203 τῇ
1321 2145 1451 2202 πατρίδι
1479 2159 1542 2202 τῆς
1573 2158 1680 2202 φυγῆς
1713 2159 1969 2202 μνησικακοῦσα.

533 2215 588 2254 T&
617 2217 673 2263 μὲν
699 2215 761 2262 γὰρ
791 2215 1016 2264 ἁμαρτήματα
1046 2219 1249 2264 ἐπεξέρχεται
1268 2220 1325 2255 καὶ
1347 2217 1437 2265 μάλα
1459 2221 1601 2264 ακριβῶς
1622 2222 1692 2254 κτλ.
1723 2226 1762 2255 cr.
1791 2226 1912 2264 muger
1941 2238 1969 2264 p.

534 2287 591 2315 255
608 2295 691 2324 seqq.
730 2287 896 2315 Marcellin.
914 2287 966 2315 vit.
986 2287 1081 2315 Thuc.
1101 2290 1128 2322 §.
1146 2287 1190 2316 26.
1209 2298 1278 2316 cum
1298 2289 1430 2317 Lucieno
1449 2288 1609 2316 consentit.
1637 2282 1756 2326 ἔγραφε
1778 2277 1806 2316 δ’
1830 2276 1893 2316 οὔδ’
1917 2277 1968 2316 03-

531 2353 597 2383 τως
622 2342 828 2386 μνησικακῶν
850 2346 920 2382 τοῖς
940 2336 1032 2384 Ἀθην.
1078 2348 1222 2375 Ceterum
1242 2348 1422 2387 Dionysius,
1447 2360 1462 2376 a
1489 2360 1521 2376 se
1547 2350 1612 2387 ipso
1638 2350 1782 2380 dissidet,
1808 2359 1903 2386 quum
1930 2349 1968 2377 de
