2259 2943
1151 187 1207 233 ‘26

304 305 362 340 ille
383 304 419 338 in
443 310 614 339 aeternam
642 304 816 340 hominum
845 306 1039 341 memoriam
1068 305 1306 340 celeberrimus
1329 304 1570 340 Eratosthenes
1592 303 1743 352 excepit,
1774 293 1831 352 qui
1855 303 1975 338 mirum
1997 309 2049 337 est

300 380 400 415 quam
427 367 496 402 acri
525 366 683 414 ingenio,
720 380 805 415 quae
839 356 999 404 decessor
1026 369 1088 403 iste
1119 369 1301 416 reliquerat
1334 368 1450 403 eadem
1481 367 1653 426 litc‘arum
1685 367 1794 402 studia
1820 366 2050 401 retractaverit

299 431 365 475 (cf.
386 430 610 464 Ritschelinm
639 444 672 465 v.
703 431 746 465 cl.
775 431 817 465 dc
839 432 994 466 biblioth.
1020 432 1235 476 Alexandr.)
1288 432 1444 478 Quorum
1473 431 1621 465 virorum
1652 444 1727 465 cum
1756 430 1867 464 nullus
1896 430 1983 464 liber
2006 428 2049 463 ad

299 499 450 528 nostram
475 505 584 540 usque
613 494 810 528 memoriam
828 485 1013 537 'mansei-it,
1046 507 1155 540 neque
1180 494 1221 528 de
1245 493 1454 540 Thucydidis
1478 493 1545 528 vita
1570 493 1741 540 supersint
1764 492 1829 526 nisi
1853 492 1938 526 duae
1959 504 2049 538 com·

298 555 545 598 mentationes,
580 569 622 589 ex
652 556 787 590 illorum
819 557 1109 602 grammaticorum
1144 557 1351 603 plenioribus
1379 562 1478 601 atque
1509 556 1772 589 accuratioribus
1792 555 1913 597 libris,
1945 554 2048 600 pluri-

298 608 396 653 mam⁰
409 625 501 653 certe
526 618 663 665 quidem
689 625 838 666 partem,
871 633 956 666 quae
990 633 1059 654 mea
1086 626 1138 653 cst
1167 619 1347 663 sententia,
1372 625 1550 665 exemptae
1577 625 1610 652 et
1634 618 1667 652 in
1696 623 1873 663 angustum
1899 611 2047 660 coactae,

300 682 405 715 altera
428 682 593 724 auctoris,
625 682 720 715 cuius
750 695 873 716 nomen
904 683 1054 727 ignotum
1077 689 1147 725 est,
1178 683 1280 715 altera
1304 681 1512 728 ineptissima
1535 681 1591 713 illa
1614 681 1797 725 eademque
1824 692 1866 717 ex
1893 679 2048 712 diversis-

300 743 395 778 simis
417 743 504 777 malc
528 750 691 790 cong-esta
715 744 883 791 partibus,
908 757 992 791 quae
1015 745 1075 779 sub
1099 744 1287 779 Marcellini
1312 743 1446 778 nomine
1470 742 1714 785 circumfertur,
1737 748 1848 776 tamen
1874 753 1917 775 cx
1939 740 2047 787 ipsius

299 807 511 852 Thucydidis
533 797 625 840 libro
646 807 818 852 ingenium
842 809 987 841 auctoris
1011 814 1042 842 et
1064 821 1175 842 mores
1199 808 1325 853 optime
1348 812 1598 851 cog-noscuntur
1607 809 1653 846 *).
1700 804 1828 838 Verum
1854 804 1942 838 enim
1965 817 2046 838 vero

299 868 470 915 Dionysio
496 868 809 913 Halicarnassensi,
840 870 932 904 cuius
956 871 997 905 de
1020 870 1216 916 Thucydide
1239 869 1361 904 iudicio
1384 881 1446 915 per
1470 867 1583 901 literas
1607 866 1648 900 ab
1680 866 1757 913 ipso
1786 866 1828 900 ad
1850 866 1915 901 Cn.
1945 866 2046 900 Pom-

301 933 428 979 peium,
454 933 496 965 ad
524 933 644 978 Quint.
668 933 897 976 Tuberonem,
921 935 962 967 ad
981 934 1177 967 Aminaeum
1201 934 1293 967 datas
1318 932 1507 979 perscripto
1530 930 1613 964 nihil
1636 936 1687 964 est
1707 929 1867 976 iniquius,
1891 943 1958 963 non
1976 936 2046 964 tan-

301 1002 372 1029 tum
395 995 613 1029 tribuendum
637 995 802 1038 arbitror,
826 1002 862 1029 ut
884 996 961 1030 inde
985 1002 1138 1042 quantum
1151 996 1298 1042 scriptor
1308 1002 1424 1029 noster
1434 987 1469 1027 iit
1481 993 1620 1027 historia
1631 992 1824 1039 perfecerit,
1845 998 1936 1026 recte
1948 992 2044 1026 aesti-

301 1070 394 1091 mare
417 1057 531 1103 possis
562 1058 624 1098 (cf.
655 1057 795 1102 Rrfigcr
818 1059 957 1103 praefat.
982 1058 1023 1091 ad
1044 1058 1186 1103 Dionys.
1212 1058 1323 1091 Halic.
1345 1056 1678 1101 historiographica).
1733 1055 1945 1101 Quamquam
1971 1055 2045 1089 eius

303 1119 504 1162 auctoritas,
536 1119 662 1165 quippe
687 1119 742 1165 qui
767 1120 893 1165 primus
921 1121 1085 1163 criticam,
1116 1133 1201 1166 quae
1226 1126 1296 1154 tum
1320 1119 1486 1165 temporis
1506 1119 1698 1168 dicebatur,
1725 1123 1832 1151 artem
1856 1130 1875 1151 c
1898 1116 2044 1152 Graecia

303 1183 447 1217 Romam
472 1182 665 1215 translatam
699 1194 855 1215 successu
885 1182 931 1216 ibi
962 1182 1190 1229 prosperrimo
1214 1188 1250 1216 ut
1273 1181 1450 1215 admodum
1473 1187 1642 1215 recentem
1667 1178 1823 1214 docuisse
1847 1180 1881 1214 in
1905 1180 2043 1224 scholis,

304 1257 387 1291 quas
415 1250 608 1290 aperuerat,
639 1244 808 1286 videatur,
840 1257 918 1278 sane
948 1245 1081 1278 multum
1113 1245 1202 1291 apud
1232 1251 1386 1290 posteros
1415 1244 1547 1277 valebat
1560 1245 1621 1284 ⁶⁰).
1668 1243 1748 1276 Huc
1774 1243 1922 1285 accedit,
1952 1244 2043 1289 qnod

303 1315 339 1342 ut
362 1307 516 1354 plerique
539 1320 656 1341 omnes
677 1307 713 1340 id
736 1320 842 1352 genus
865 1308 970 1342 critici
994 1308 1111 1351 solent,
1139 1308 1323 1353 Dionysius
1347 1307 1451 1341 mutto
1476 1307 1601 1341 maiore
1624 1312 1657 1340 et
1684 1306 1858 1352 diligentia
1881 1313 1914 1340 et
1938 1306 2044 1341 scien-

302 1371 349 1405 tia
372 1369 560 1417 peritiaque
587 1382 687 1416 quam
709 1369 744 1403 in
767 1376 871 1404 artem
896 1370 1084 1404 historicam
1107 1371 1143 1404 in
1167 1370 1298 1404 dicendi
1323 1383 1430 1416 genus
1461 1370 1674 1416 quaestiones
1705 1369 1859 1403 instituit.
1905 1367 1976 1403 Sed
1999 1382 2043 1404 ne

302 1435 367 1467 hoc
387 1433 523 1479 quidem
545 1433 699 1475 nomine,
731 1433 880 1478 quamvis
903 1446 1018 1467 omnes
1040 1434 1112 1467 illas
1136 1434 1322 1467 rhetoricae
1345 1433 1426 1466 artis
1456 1433 1551 1478 leges
1581 1433 1667 1466 bene
1695 1439 1872 1478 perceptas
1903 1433 2042 1466 haberet

302 1496 504 1541 easdemque
527 1495 629 1528 multa
653 1494 726 1541 ipse
750 1495 987 1529 exercitatione.
1009 1496 1142 1530 calleret
1166 1496 1250 1529 sicut
1274 1496 1434 1538 callebat,
1467 1495 1675 1542 Thucydidis
1700 1494 1892 1528 aestimator
1915 1508 2041 1541 aequus

301 1572 340 1592 ac
365 1558 489 1603 dig-nus
512 1558 695 1591 existimari
717 1564 841 1602 potest,
866 1564 900 1590 ut
924 1559 979 1603 qui
1004 1572 1132 1591 omnem
1157 1559 1364 1603 Thucydidis
1389 1558 1562 1603 proprium
1580 1558 1742 1591 orationis
1754 1558 1914 1600 colorem,
1940 1571 2039 1603 quem

526 1641 556 1677 ·)
603 1639 653 1669 On
673 1640 737 1668 doit
753 1650 785 1668 sc
804 1640 949 1669 souvenir
968 1640 1117 1669 d’ailleurs
1138 1650 1198 1679 que
1218 1640 1366 1669 l'histoire
1387 1640 1440 1669 des
1460 1639 1607 1669 ccrivains
1628 1639 1763 1669 celebres
1784 1639 1863 1669 n'est
1883 1650 1943 1679 que
1963 1641 2041 1670 celle

597 1696 635 1723 de
654 1696 738 1723 leurs
757 1695 884 1732 pensees
905 1701 935 1723 ct
956 1697 992 1723 dc
1013 1697 1079 1724 leur
1099 1701 1226 1724 travaux
1247 1701 1277 1723 et
1298 1706 1358 1733 que.
1385 1701 1464 1724 cette
1491 1697 1588 1733 partie
1614 1697 1651 1724 dc
1676 1697 1745 1723 leur
1767 1696 1854 1733 clogc
1881 1706 1919 1724 cn
1946 1701 1993 1725 cst
2011 1698 2041 1724 la

597 1752 666 1790 plus
687 1752 862 1780 essentielle
882 1756 913 1780 et
931 1753 959 1780 la
978 1752 1046 1789 plus
1065 1753 1149 1781 utile.
1187 1753 1320 1792 Analysc
1340 1752 1377 1780 de
1397 1752 1495 1791 l’espr.
1517 1753 1570 1781 des
1590 1753 1646 1782 lois
1668 1762 1722 1791 par
1738 1751 1934 1781 D’Alembert
1948 1763 1976 1791 p.
1992 1753 2038 1782 4⁰.

598 1808 664 1834 Par.
686 1807 808 1839 Fortin‚
831 1807 953 1835 massan
975 1813 1005 1835 ct
1028 1807 1129 1846 Comp.

522 1864 565 1900 ⁵⁰)
597 1863 622 1892 F
625 1874 647 1891 r.
668 1865 746 1901 Aug.
767 1864 863 1892 Wolf
878 1864 1074 1901 Prolegomm.
1096 1865 1134 1892 ad
1154 1865 1276 1893 llomer.
1298 1865 1427 1893 XLvnl
1449 1875 1531 1903 seqq.
1555 1881 1593 1886 —-—
1619 1865 1784 1904 Dionysius
1806 1874 1822 1892 e
1842 1864 1953 1893 scholis
1974 1865 2042 1894 rhe-

596 1919 716 1950 toricis,
742 1928 820 1956 quae
844 1919 876 1946 in
896 1919 968 1945 Asin
990 1919 1060 1946 Min.
1079 1920 1263 1951 floruerant,
1290 1920 1446 1957 profectus
1476 1920 1524 1947 Ol.
1551 1919 1755 1947 CLxxxvn
1781 1920 1905 1947 Romam
1933 1921 2041 1958 viginti

595 1976 732 2013 quinque
752 1974 818 2002 fere
839 1985 933 2002 annos
954 1980 1041 2003 natus
1060 1985 1091 2004 se
1117 1976 1266 2008 contulit,
1290 1975 1341 2004 ubi
1362 1977 1501 2014 antiquas
1523 1976 1727 2004 Romanorum
1749 1986 1815 2008 res,
1842 1985 1971 2013 quarum
1992 1985 2041 2004 ex-

593 2028 801 2068 plicandarum
821 2030 878 2057 iam
898 2034 963 2058 tum
982 2035 1161 2068 conceperat
1181 2031 1356 2062 consilium,
1385 2040 1420 2058 ex
1442 2031 1578 2059 fontibus
1598 2031 1670 2068 ipsis
1691 2031 1836 2058 hauriret.
1855 2031 1893 2058 cf.
1915 2031 2039 2069 Dionys.

591 2092 720 2130 Antiqq.
741 2092 764 2124 Ι,
784 2091 809 2120 7.
850 2091 978 2120 Photius
1005 2091 1075 2121 bibl.
1098 2093 1162 2120 cod.
1187 2092 1224 2120 83
1249 2102 1277 2130 p.
1303 2093 1340 2121 65
1355 2103 1380 2121 a.
1418 2093 1525 2120 Suidas
1551 2103 1577 2121 v.
1602 2081 1772 2127 Διονύσιος.
1809 2092 1961 2121 Romanos
1983 2092 2040 2120 etsi

591 2148 655 2176 suis
682 2148 819 2185 ipsorum
848 2147 1004 2176 veteribus
1034 2147 1232 2186 sci-iptorihus
1259 2153 1342 2177 recte
1368 2149 1559 2177 aestimandis
1579 2150 1801 2182 iudicandisve‚
1827 2158 1889 2176 non
1914 2153 1975 2177 tam
2002 2156 2040 2176 ex

588 2204 784 2233 institutione
809 2213 843 2232 ac
866 2204 1024 2241 disciplina
1045 2214 1134 2242 quam
1160 2213 1198 2232 ex
1224 2213 1282 2232 usu
1309 2204 1413 2232 doctos
1434 2205 1611 2242 peritosque
1634 2205 1693 2234 iam
1719 2205 1822 2233 multis
1851 2204 1937 2232 annis
1963 2205 2041 2239 :ante

591 2260 773 2299 Dionysium
793 2269 884 2288 aures
904 2260 976 2288 satis
996 2263 1109 2288 teretes
1137 2259 1278 2287 habuisse
1301 2261 1406 2297 negari
1431 2270 1493 2288 non
1520 2265 1635 2298 potest,
1664 2265 1766 2289 tamen
1785 2260 1921 2287 criticam
1942 2263 2040 2287 artem

591 2315 727 2344 nondum
745 2316 787 2343 ita
807 2315 995 2346 factitabant,
1016 2319 1049 2342 ut
1067 2315 1252 2353 peculiarem
1274 2315 1340 2342 eius
1359 2314 1546 2352 disciplinam
1566 2316 1774 2344 instituerent.
1813 2314 1875 2342 Cic.
1896 2313 1934 2343 ad
1951 2313 2038 2341 Divv.

593 2380 639 2410 ep.
661 2371 703 2399 16.
743 2370 882 2409 Lessing.
903 2380 969 2410 opp.
990 2379 1075 2398 omni.
1095 2375 1165 2399 tom.
1188 2369 1233 2402 X,
1253 2379 1280 2408 p.
1302 2370 1364 2398 167.
