<?xml version="1.0" encoding="UTF-8"?>
<!DOCTYPE html PUBLIC "-//W3C//DTD XHTML 1.0 Transitional//EN"
    "http://www.w3.org/TR/xhtml1/DTD/xhtml1-transitional.dtd">
<html xmlns="http://www.w3.org/1999/xhtml" xml:lang="en" lang="en">
 <head>
  <title>
</title>
<meta http-equiv="Content-Type" content="text/html;charset=utf-8" />
  <meta name='ocr-system' content='tesseract 3.04.00' />
  <meta name='ocr-capabilities' content='ocr_page ocr_carea ocr_par ocr_line ocrx_word'/>
</head>
<body>
  <div class='ocr_page' id='page_1' title='image "4624120_0032.png"; bbox 0 0 2341 2888; ppageno 0'>
   <div class='ocr_carea' id='block_1_1' title="bbox 1084 174 1140 221">
    <p class='ocr_par' dir='ltr' id='par_1_1' title="bbox 1084 174 1140 221">
     <span class='ocr_line' id='line_1_1' title="bbox 1084 174 1140 221; baseline 0.018 -1"><span class='ocrx_word' id='word_1_1' title='bbox 1084 174 1140 221; x_wconf 84' lang='lat'>25</span> 
     </span>
    </p>
   </div>
   <div class='ocr_carea' id='block_1_2' title="bbox 237 289 1984 1468">
    <p class='ocr_par' dir='ltr' id='par_1_2' title="bbox 237 289 1984 1468">
     <span class='ocr_line' id='line_1_2' title="bbox 241 289 1983 342; baseline -0.001 -13"><span class='ocrx_word' id='word_1_2' title='bbox 241 289 343 336; x_wconf 67' lang='grc' dir='ltr'><strong>οὕτως</strong></span> <span class='ocrx_word' id='word_1_3' title='bbox 364 295 612 340; x_wconf 64' lang='grc' dir='ltr'>μεταγραφῆναι</span> <span class='ocrx_word' id='word_1_4' title='bbox 632 295 767 340; x_wconf 83' lang='grc' dir='ltr'>ποιῆσαι</span> <span class='ocrx_word' id='word_1_5' title='bbox 775 293 836 336; x_wconf 81' lang='lat'><strong>⁴⁷).</strong></span> <span class='ocrx_word' id='word_1_6' title='bbox 881 293 1000 342; x_wconf 81' lang='lat' dir='ltr'>ltaque</span> <span class='ocrx_word' id='word_1_7' title='bbox 1022 293 1229 341; x_wconf 70' lang='lat' dir='ltr'>Thucydidis</span> <span class='ocrx_word' id='word_1_8' title='bbox 1251 293 1325 327; x_wconf 86' lang='lat' dir='ltr'>laus</span> <span class='ocrx_word' id='word_1_9' title='bbox 1345 300 1381 342; x_wconf 69' lang='lat'>‚⁶¹</span> <span class='ocrx_word' id='word_1_10' title='bbox 1404 293 1584 328; x_wconf 80' lang='lat' dir='ltr'>auctoritas</span> <span class='ocrx_word' id='word_1_11' title='bbox 1606 306 1708 341; x_wconf 79' lang='lat' dir='ltr'>quum</span> <span class='ocrx_word' id='word_1_12' title='bbox 1732 292 1798 327; x_wconf 84' lang='lat' dir='ltr'>iam</span> <span class='ocrx_word' id='word_1_13' title='bbox 1821 290 1983 339; x_wconf 80' lang='lat' dir='ltr'>antiquis-</span> 
     </span>
     <span class='ocr_line' id='line_1_3' title="bbox 241 356 1984 409; baseline 0 -19"><span class='ocrx_word' id='word_1_14' title='bbox 241 356 336 391; x_wconf 86' lang='lat' dir='ltr'>simis</span> <span class='ocrx_word' id='word_1_15' title='bbox 357 356 567 403; x_wconf 76' lang='lat' dir='ltr'>temporibus</span> <span class='ocrx_word' id='word_1_16' title='bbox 591 363 679 391; x_wconf 88' lang='lat' dir='ltr'>essct</span> <span class='ocrx_word' id='word_1_17' title='bbox 700 363 811 409; x_wconf 53' lang='lat' dir='ltr'>tvta,</span> <span class='ocrx_word' id='word_1_18' title='bbox 835 357 951 392; x_wconf 90' lang='lat' dir='ltr'>nescio</span> <span class='ocrx_word' id='word_1_19' title='bbox 973 370 1016 391; x_wconf 93' lang='lat' dir='ltr'>an</span> <span class='ocrx_word' id='word_1_20' title='bbox 1037 357 1205 392; x_wconf 82' lang='lat' dir='ltr'>neminem</span> <span class='ocrx_word' id='word_1_21' title='bbox 1227 357 1346 391; x_wconf 88' lang='lat' dir='ltr'>subeat</span> <span class='ocrx_word' id='word_1_22' title='bbox 1367 357 1498 401; x_wconf 86' lang='lat' dir='ltr'>mirari,</span> <span class='ocrx_word' id='word_1_23' title='bbox 1531 357 1611 404; x_wconf 76' lang='lat' dir='ltr'>quid</span> <span class='ocrx_word' id='word_1_24' title='bbox 1635 357 1745 391; x_wconf 77' lang='lat' dir='ltr'>fuerit</span> <span class='ocrx_word' id='word_1_25' title='bbox 1758 368 1897 400; x_wconf 84' lang='lat' dir='ltr'>causae,</span> <span class='ocrx_word' id='word_1_26' title='bbox 1921 366 1984 390; x_wconf 76' lang='lat' dir='ltr'>eur</span> 
     </span>
     <span class='ocr_line' id='line_1_4' title="bbox 240 412 1980 471; baseline 0 -19"><span class='ocrx_word' id='word_1_27' title='bbox 240 419 394 470; x_wconf 86' lang='lat' dir='ltr'>nonnulli</span> <span class='ocrx_word' id='word_1_28' title='bbox 421 412 605 465; x_wconf 85' lang='lat' dir='ltr'>scriptores</span> <span class='ocrx_word' id='word_1_29' title='bbox 635 419 802 454; x_wconf 77' lang='lat' dir='ltr'><strong>doctiores</strong></span> <span class='ocrx_word' id='word_1_30' title='bbox 832 420 1032 466; x_wconf 85' lang='lat' dir='ltr'>plerumque</span> <span class='ocrx_word' id='word_1_31' title='bbox 1061 433 1160 466; x_wconf 83' lang='lat' dir='ltr'>qnam</span> <span class='ocrx_word' id='word_1_32' title='bbox 1190 419 1453 471; x_wconf 68' lang='lat' dir='ltr'>ingeniosiorcs3</span> <span class='ocrx_word' id='word_1_33' title='bbox 1484 419 1589 465; x_wconf 83' lang='lat' dir='ltr'>longo</span> <span class='ocrx_word' id='word_1_34' title='bbox 1620 419 1796 453; x_wconf 84' lang='lat' dir='ltr'>interiecto</span> <span class='ocrx_word' id='word_1_35' title='bbox 1823 425 1980 464; x_wconf 77' lang='lat' dir='ltr'>tenpore</span> 
     </span>
     <span class='ocr_line' id='line_1_5' title="bbox 241 480 1978 530; baseline -0.001 -14"><span class='ocrx_word' id='word_1_36' title='bbox 241 493 343 530; x_wconf 83' lang='lat' dir='ltr'>quum</span> <span class='ocrx_word' id='word_1_37' title='bbox 372 481 453 516; x_wconf 89' lang='lat' dir='ltr'>artis</span> <span class='ocrx_word' id='word_1_38' title='bbox 480 481 748 530; x_wconf 79' lang='lat' dir='ltr'>inventionisque</span> <span class='ocrx_word' id='word_1_39' title='bbox 780 482 964 517; x_wconf 86' lang='lat' dir='ltr'>sollertiam</span> <span class='ocrx_word' id='word_1_40' title='bbox 988 482 1089 516; x_wconf 90' lang='lat' dir='ltr'>nimia</span> <span class='ocrx_word' id='word_1_41' title='bbox 1121 482 1177 517; x_wconf 92' lang='lat' dir='ltr'>illa</span> <span class='ocrx_word' id='word_1_42' title='bbox 1205 488 1354 516; x_wconf 85' lang='lat' dir='ltr'>veterum</span> <span class='ocrx_word' id='word_1_43' title='bbox 1385 481 1586 529; x_wconf 87' lang='lat' dir='ltr'>scriptorum</span> <span class='ocrx_word' id='word_1_44' title='bbox 1609 482 1750 516; x_wconf 77' lang='lat' dir='ltr'>imitatio</span> <span class='ocrx_word' id='word_1_45' title='bbox 1774 480 1978 528; x_wconf 82' lang='lat' dir='ltr'>excepisset,</span> 
     </span>
     <span class='ocr_line' id='line_1_6' title="bbox 241 543 1979 592; baseline -0.001 -14"><span class='ocrx_word' id='word_1_46' title='bbox 241 545 283 579; x_wconf 90' lang='lat' dir='ltr'>de</span> <span class='ocrx_word' id='word_1_47' title='bbox 305 545 377 579; x_wconf 89' lang='lat' dir='ltr'>eins</span> <span class='ocrx_word' id='word_1_48' title='bbox 399 545 467 579; x_wconf 85' lang='lat' dir='ltr'>vita</span> <span class='ocrx_word' id='word_1_49' title='bbox 489 558 528 579; x_wconf 88' lang='lat' dir='ltr'>ac</span> <span class='ocrx_word' id='word_1_50' title='bbox 551 545 686 591; x_wconf 87' lang='lat' dir='ltr'>scriptis</span> <span class='ocrx_word' id='word_1_51' title='bbox 710 558 901 592; x_wconf 76' lang='lat' dir='ltr'>genereque</span> <span class='ocrx_word' id='word_1_52' title='bbox 923 546 1103 588; x_wconf 84' lang='lat' dir='ltr'>historico,</span> <span class='ocrx_word' id='word_1_53' title='bbox 1136 552 1343 591; x_wconf 83' lang='lat' dir='ltr'>exponerent</span> <span class='ocrx_word' id='word_1_54' title='bbox 1354 546 1416 589; x_wconf 76' lang='lat'><strong>⁴⁸).</strong></span> <span class='ocrx_word' id='word_1_55' title='bbox 1468 546 1604 579; x_wconf 87' lang='lat' dir='ltr'>Etenim</span> <span class='ocrx_word' id='word_1_56' title='bbox 1632 546 1661 579; x_wconf 91' lang='lat' dir='ltr'>is</span> <span class='ocrx_word' id='word_1_57' title='bbox 1690 552 1741 579; x_wconf 84' lang='lat' dir='ltr'>est</span> <span class='ocrx_word' id='word_1_58' title='bbox 1768 543 1898 590; x_wconf 75' lang='lat' dir='ltr'>ingenii</span> <span class='ocrx_word' id='word_1_59' title='bbox 1918 544 1979 577; x_wconf 79' lang='grc' dir='ltr'>Ιιι-</span> 
     </span>
     <span class='ocr_line' id='line_1_7' title="bbox 240 584 1980 654; baseline -0.001 -13"><span class='ocrx_word' id='word_1_60' title='bbox 240 607 338 641; x_wconf 85' lang='lat' dir='ltr'>mani·</span> <span class='ocrx_word' id='word_1_61' title='bbox 358 620 560 654; x_wconf 86' lang='lat' dir='ltr'>progressus</span> <span class='ocrx_word' id='word_1_62' title='bbox 587 614 621 642; x_wconf 91' lang='lat' dir='ltr'>et</span> <span class='ocrx_word' id='word_1_63' title='bbox 650 607 684 641; x_wconf 91' lang='lat' dir='ltr'>in</span> <span class='ocrx_word' id='word_1_64' title='bbox 714 607 859 642; x_wconf 58' lang='lat' dir='ltr'>cuinsfis</span> <span class='ocrx_word' id='word_1_65' title='bbox 881 607 1017 654; x_wconf 86' lang='lat' dir='ltr'>generis</span> <span class='ocrx_word' id='word_1_66' title='bbox 1039 607 1178 642; x_wconf 83' lang='lat' dir='ltr'>artifieio</span> <span class='ocrx_word' id='word_1_67' title='bbox 1201 608 1237 641; x_wconf 86' lang='lat' dir='ltr'>id</span> <span class='ocrx_word' id='word_1_68' title='bbox 1260 613 1377 641; x_wconf 82' lang='lat' dir='ltr'>natura</span> <span class='ocrx_word' id='word_1_69' title='bbox 1400 608 1483 651; x_wconf 80' lang='lat' dir='ltr'>fert,</span> <span class='ocrx_word' id='word_1_70' title='bbox 1514 614 1550 642; x_wconf 93' lang='lat' dir='ltr'>ut</span> <span class='ocrx_word' id='word_1_71' title='bbox 1580 614 1669 642; x_wconf 86' lang='lat' dir='ltr'>artes</span> <span class='ocrx_word' id='word_1_72' title='bbox 1698 607 1793 654; x_wconf 86' lang='lat' dir='ltr'>ipsae</span> <span class='ocrx_word' id='word_1_73' title='bbox 1817 619 1856 641; x_wconf 84' lang='lat' dir='ltr'>ac</span> <span class='ocrx_word' id='word_1_74' title='bbox 1879 584 1980 640; x_wconf 68' lang='lat' dir='ltr'>disci·</span> 
     </span>
     <span class='ocr_line' id='line_1_8' title="bbox 240 668 1978 718; baseline -0.001 -13"><span class='ocrx_word' id='word_1_75' title='bbox 240 670 352 718; x_wconf 88' lang='lat' dir='ltr'>plinae</span> <span class='ocrx_word' id='word_1_76' title='bbox 374 671 476 717; x_wconf 83' lang='lat' dir='ltr'>longe</span> <span class='ocrx_word' id='word_1_77' title='bbox 498 671 593 718; x_wconf 87' lang='lat' dir='ltr'>prius</span> <span class='ocrx_word' id='word_1_78' title='bbox 615 679 862 715; x_wconf 74' lang='lat' dir='ltr'>consummatae</span> <span class='ocrx_word' id='word_1_79' title='bbox 884 671 1107 718; x_wconf 87' lang='lat' dir='ltr'>omnibusque</span> <span class='ocrx_word' id='word_1_80' title='bbox 1137 670 1284 705; x_wconf 87' lang='lat' dir='ltr'>numeris</span> <span class='ocrx_word' id='word_1_81' title='bbox 1315 670 1381 704; x_wconf 89' lang='lat' dir='ltr'>sint</span> <span class='ocrx_word' id='word_1_82' title='bbox 1411 671 1600 715; x_wconf 83' lang='lat' dir='ltr'>absolutae,</span> <span class='ocrx_word' id='word_1_83' title='bbox 1633 683 1733 718; x_wconf 84' lang='lat' dir='ltr'>quam</span> <span class='ocrx_word' id='word_1_84' title='bbox 1763 678 1821 704; x_wconf 81' lang='lat' dir='ltr'>eas</span> <span class='ocrx_word' id='word_1_85' title='bbox 1850 668 1978 703; x_wconf 79' lang='lat' dir='ltr'>inveni-</span> 
     </span>
     <span class='ocr_line' id='line_1_9' title="bbox 240 733 1976 781; baseline -0.001 -14"><span class='ocrx_word' id='word_1_86' title='bbox 240 734 316 767; x_wconf 89' lang='lat' dir='ltr'>endi</span> <span class='ocrx_word' id='word_1_87' title='bbox 339 733 424 767; x_wconf 83' lang='lat' dir='ltr'>ratio</span> <span class='ocrx_word' id='word_1_88' title='bbox 449 746 487 767; x_wconf 90' lang='lat' dir='ltr'>ac</span> <span class='ocrx_word' id='word_1_89' title='bbox 510 734 604 779; x_wconf 87' lang='lat' dir='ltr'>leges</span> <span class='ocrx_word' id='word_1_90' title='bbox 626 740 737 767; x_wconf 89' lang='lat' dir='ltr'>mente</span> <span class='ocrx_word' id='word_1_91' title='bbox 761 734 999 779; x_wconf 85' lang='lat' dir='ltr'>percipiantur.</span> <span class='ocrx_word' id='word_1_92' title='bbox 1034 734 1080 767; x_wconf 86' lang='lat' dir='ltr'>Et</span> <span class='ocrx_word' id='word_1_93' title='bbox 1102 747 1182 768; x_wconf 88' lang='lat' dir='ltr'>vero</span> <span class='ocrx_word' id='word_1_94' title='bbox 1194 733 1401 768; x_wconf 85' lang='lat' dir='ltr'>Graecorum</span> <span class='ocrx_word' id='word_1_95' title='bbox 1423 734 1576 768; x_wconf 89' lang='lat' dir='ltr'>libertate</span> <span class='ocrx_word' id='word_1_96' title='bbox 1599 734 1719 781; x_wconf 64' lang='lat' dir='ltr'>deleta,</span> <span class='ocrx_word' id='word_1_97' title='bbox 1743 733 1852 767; x_wconf 83' lang='lat' dir='ltr'>omnis</span> <span class='ocrx_word' id='word_1_98' title='bbox 1872 744 1976 778; x_wconf 73' lang='lat' dir='ltr'>quun</span> 
     </span>
     <span class='ocr_line' id='line_1_10' title="bbox 240 793 1976 842; baseline -0.001 -13"><span class='ocrx_word' id='word_1_99' title='bbox 240 808 355 830; x_wconf 87' lang='lat' dir='ltr'>eorum</span> <span class='ocrx_word' id='word_1_100' title='bbox 378 795 520 829; x_wconf 85' lang='lat' dir='ltr'>eruditio</span> <span class='ocrx_word' id='word_1_101' title='bbox 545 795 588 829; x_wconf 86' lang='lat' dir='ltr'>ad</span> <span class='ocrx_word' id='word_1_102' title='bbox 611 795 840 841; x_wconf 87' lang='lat' dir='ltr'>cognitionem</span> <span class='ocrx_word' id='word_1_103' title='bbox 861 795 965 830; x_wconf 90' lang='lat' dir='ltr'>totius</span> <span class='ocrx_word' id='word_1_104' title='bbox 987 795 1158 830; x_wconf 88' lang='lat' dir='ltr'>literarum</span> <span class='ocrx_word' id='word_1_105' title='bbox 1182 795 1275 830; x_wconf 89' lang='lat' dir='ltr'>orbis</span> <span class='ocrx_word' id='word_1_106' title='bbox 1298 795 1417 829; x_wconf 81' lang='lat' dir='ltr'>referri</span> <span class='ocrx_word' id='word_1_107' title='bbox 1443 795 1628 842; x_wconf 81' lang='lat' dir='ltr'>coepisset,</span> <span class='ocrx_word' id='word_1_108' title='bbox 1651 795 1773 830; x_wconf 85' lang='lat' dir='ltr'>multos</span> <span class='ocrx_word' id='word_1_109' title='bbox 1797 800 1831 829; x_wconf 84' lang='lat' dir='ltr'>et</span> <span class='ocrx_word' id='word_1_110' title='bbox 1855 793 1976 829; x_wconf 77' lang='lat' dir='ltr'>doctos</span> 
     </span>
     <span class='ocr_line' id='line_1_11' title="bbox 240 856 1976 905; baseline -0.001 -13"><span class='ocrx_word' id='word_1_111' title='bbox 240 859 330 893; x_wconf 83' lang='lat' dir='ltr'>viros</span> <span class='ocrx_word' id='word_1_112' title='bbox 356 859 544 905; x_wconf 88' lang='lat' dir='ltr'>accepimus</span> <span class='ocrx_word' id='word_1_113' title='bbox 567 865 600 892; x_wconf 91' lang='lat' dir='ltr'>et</span> <span class='ocrx_word' id='word_1_114' title='bbox 623 859 849 892; x_wconf 76' lang='lat' dir='ltr'>Alexandriae</span> <span class='ocrx_word' id='word_1_115' title='bbox 873 865 906 892; x_wconf 89' lang='lat' dir='ltr'>et</span> <span class='ocrx_word' id='word_1_116' title='bbox 928 859 1088 904; x_wconf 75' lang='lat' dir='ltr'>Pergami</span> <span class='ocrx_word' id='word_1_117' title='bbox 1118 859 1158 893; x_wconf 91' lang='lat' dir='ltr'>de</span> <span class='ocrx_word' id='word_1_118' title='bbox 1186 859 1349 892; x_wconf 86' lang='lat' dir='ltr'>librorum</span> <span class='ocrx_word' id='word_1_119' title='bbox 1379 859 1657 905; x_wconf 81' lang='lat' dir='ltr'>praestantiorum</span> <span class='ocrx_word' id='word_1_120' title='bbox 1687 858 1879 892; x_wconf 86' lang='lat' dir='ltr'>auctoribus</span> <span class='ocrx_word' id='word_1_121' title='bbox 1902 856 1976 890; x_wconf 84' lang='lat' dir='ltr'>dili-</span> 
     </span>
     <span class='ocr_line' id='line_1_12' title="bbox 240 919 1975 968; baseline -0.001 -13"><span class='ocrx_word' id='word_1_122' title='bbox 240 927 359 967; x_wconf 77' lang='lat' dir='ltr'>genter</span> <span class='ocrx_word' id='word_1_123' title='bbox 389 921 593 968; x_wconf 85' lang='lat' dir='ltr'>quaesivisse</span> <span class='ocrx_word' id='word_1_124' title='bbox 622 921 829 967; x_wconf 85' lang='lat' dir='ltr'>multumque</span> <span class='ocrx_word' id='word_1_125' title='bbox 858 933 982 967; x_wconf 86' lang='lat' dir='ltr'>operae</span> <span class='ocrx_word' id='word_1_126' title='bbox 1014 927 1048 956; x_wconf 91' lang='lat' dir='ltr'>ct</span> <span class='ocrx_word' id='word_1_127' title='bbox 1077 921 1177 955; x_wconf 87' lang='lat' dir='ltr'>studii</span> <span class='ocrx_word' id='word_1_128' title='bbox 1204 922 1240 955; x_wconf 91' lang='lat' dir='ltr'>in</span> <span class='ocrx_word' id='word_1_129' title='bbox 1270 921 1390 967; x_wconf 83' lang='lat' dir='ltr'>priscis</span> <span class='ocrx_word' id='word_1_130' title='bbox 1419 921 1455 955; x_wconf 91' lang='lat' dir='ltr'>iu</span> <span class='ocrx_word' id='word_1_131' title='bbox 1483 934 1544 955; x_wconf 90' lang='lat' dir='ltr'>suo</span> <span class='ocrx_word' id='word_1_132' title='bbox 1572 934 1697 967; x_wconf 77' lang='lat' dir='ltr'>genere</span> <span class='ocrx_word' id='word_1_133' title='bbox 1727 920 1877 967; x_wconf 84' lang='lat' dir='ltr'>egregiis</span> <span class='ocrx_word' id='word_1_134' title='bbox 1905 919 1975 953; x_wconf 76' lang='lat' dir='ltr'>illis</span> 
     </span>
     <span class='ocr_line' id='line_1_13' title="bbox 240 969 1974 1030; baseline -0.001 -13"><span class='ocrx_word' id='word_1_135' title='bbox 240 984 375 1030; x_wconf 88' lang='lat' dir='ltr'>scriptis</span> <span class='ocrx_word' id='word_1_136' title='bbox 403 990 473 1017; x_wconf 88' lang='lat' dir='ltr'>tum</span> <span class='ocrx_word' id='word_1_137' title='bbox 501 983 709 1029; x_wconf 85' lang='lat' dir='ltr'>explicandis</span> <span class='ocrx_word' id='word_1_138' title='bbox 736 990 806 1017; x_wconf 83' lang='lat' dir='ltr'>tum</span> <span class='ocrx_word' id='word_1_139' title='bbox 825 969 1235 1029; x_wconf 43' lang='lat' dir='ltr'>&#39;emendandisposuisse</span> <span class='ocrx_word' id='word_1_140' title='bbox 1264 990 1298 1017; x_wconf 90' lang='lat' dir='ltr'>et</span> <span class='ocrx_word' id='word_1_141' title='bbox 1325 984 1489 1030; x_wconf 88' lang='lat' dir='ltr'>imprimis</span> <span class='ocrx_word' id='word_1_142' title='bbox 1513 984 1554 1018; x_wconf 90' lang='lat' dir='ltr'>de</span> <span class='ocrx_word' id='word_1_143' title='bbox 1577 990 1748 1017; x_wconf 87' lang='lat' dir='ltr'>auctorum</span> <span class='ocrx_word' id='word_1_144' title='bbox 1769 983 1847 1017; x_wconf 85' lang='lat' dir='ltr'>vitis</span> <span class='ocrx_word' id='word_1_145' title='bbox 1869 994 1974 1028; x_wconf 79' lang='lat' dir='ltr'>expo-</span> 
     </span>
     <span class='ocr_line' id='line_1_14' title="bbox 240 1043 1975 1093; baseline -0.002 -12"><span class='ocrx_word' id='word_1_146' title='bbox 240 1046 360 1081; x_wconf 86' lang='lat' dir='ltr'>suisse.</span> <span class='ocrx_word' id='word_1_147' title='bbox 411 1046 482 1092; x_wconf 74' lang='lat' dir='ltr'>Qui</span> <span class='ocrx_word' id='word_1_148' title='bbox 505 1046 541 1080; x_wconf 91' lang='lat' dir='ltr'>in</span> <span class='ocrx_word' id='word_1_149' title='bbox 563 1045 796 1092; x_wconf 72' lang='lat' dir='ltr'>Thucydidem</span> <span class='ocrx_word' id='word_1_150' title='bbox 823 1058 956 1093; x_wconf 85' lang='lat' dir='ltr'>quoqne</span> <span class='ocrx_word' id='word_1_151' title='bbox 982 1046 1068 1080; x_wconf 89' lang='lat' dir='ltr'>sicut</span> <span class='ocrx_word' id='word_1_152' title='bbox 1096 1046 1131 1080; x_wconf 91' lang='lat' dir='ltr'>in</span> <span class='ocrx_word' id='word_1_153' title='bbox 1160 1051 1278 1093; x_wconf 86' lang='lat' dir='ltr'>poetas</span> <span class='ocrx_word' id='word_1_154' title='bbox 1307 1052 1340 1080; x_wconf 87' lang='lat' dir='ltr'>et</span> <span class='ocrx_word' id='word_1_155' title='bbox 1369 1053 1520 1081; x_wconf 87' lang='lat' dir='ltr'>oratores</span> <span class='ocrx_word' id='word_1_156' title='bbox 1549 1046 1591 1080; x_wconf 89' lang='lat' dir='ltr'>ab</span> <span class='ocrx_word' id='word_1_157' title='bbox 1615 1046 1815 1080; x_wconf 77' lang='lat' dir='ltr'>Aristarcho</span> <span class='ocrx_word' id='word_1_158' title='bbox 1839 1051 1874 1079; x_wconf 90' lang='lat' dir='ltr'>et</span> <span class='ocrx_word' id='word_1_159' title='bbox 1894 1043 1975 1078; x_wconf 77' lang='lat' dir='ltr'>Ari·</span> 
     </span>
     <span class='ocr_line' id='line_1_15' title="bbox 240 1106 1972 1155; baseline -0.001 -12"><span class='ocrx_word' id='word_1_160' title='bbox 240 1110 404 1155; x_wconf 82' lang='lat' dir='ltr'>stephane</span> <span class='ocrx_word' id='word_1_161' title='bbox 432 1114 565 1142; x_wconf 87' lang='lat' dir='ltr'>centum</span> <span class='ocrx_word' id='word_1_162' title='bbox 590 1109 663 1149; x_wconf 78' lang='lat' dir='ltr'>fere</span> <span class='ocrx_word' id='word_1_163' title='bbox 694 1115 727 1142; x_wconf 93' lang='lat' dir='ltr'>et</span> <span class='ocrx_word' id='word_1_164' title='bbox 753 1106 994 1154; x_wconf 82' lang='lat' dir='ltr'>quinquaginta</span> <span class='ocrx_word' id='word_1_165' title='bbox 1015 1114 1094 1153; x_wconf 89' lang='lat' dir='ltr'>post</span> <span class='ocrx_word' id='word_1_166' title='bbox 1116 1108 1302 1142; x_wconf 80' lang='lat' dir='ltr'>Alexandri</span> <span class='ocrx_word' id='word_1_167' title='bbox 1323 1109 1440 1154; x_wconf 82' lang='lat' dir='ltr'>Magni</span> <span class='ocrx_word' id='word_1_168' title='bbox 1464 1121 1580 1142; x_wconf 87' lang='lat' dir='ltr'>aevum</span> <span class='ocrx_word' id='word_1_169' title='bbox 1602 1121 1707 1142; x_wconf 89' lang='lat' dir='ltr'>annos</span> <span class='ocrx_word' id='word_1_170' title='bbox 1730 1109 1855 1142; x_wconf 74' lang='lat' dir='ltr'>tactum</span> <span class='ocrx_word' id='word_1_171' title='bbox 1878 1113 1972 1141; x_wconf 88' lang='lat' dir='ltr'>certo</span> 
     </span>
     <span class='ocr_line' id='line_1_16' title="bbox 240 1161 1972 1219; baseline -0.001 -13"><span class='ocrx_word' id='word_1_172' title='bbox 240 1161 381 1216; x_wconf 84' lang='lat' dir='ltr'>scimus,</span> <span class='ocrx_word' id='word_1_173' title='bbox 415 1184 511 1206; x_wconf 88' lang='lat' dir='ltr'>curas</span> <span class='ocrx_word' id='word_1_174' title='bbox 534 1177 568 1206; x_wconf 90' lang='lat' dir='ltr'>et</span> <span class='ocrx_word' id='word_1_175' title='bbox 589 1171 811 1218; x_wconf 84' lang='lat' dir='ltr'>cogitationes</span> <span class='ocrx_word' id='word_1_176' title='bbox 830 1171 916 1219; x_wconf 83' lang='lat' dir='ltr'>quin</span> <span class='ocrx_word' id='word_1_177' title='bbox 938 1171 1161 1215; x_wconf 84' lang='lat' dir='ltr'>contulerint,</span> <span class='ocrx_word' id='word_1_178' title='bbox 1188 1171 1263 1219; x_wconf 86' lang='lat' dir='ltr'>quis</span> <span class='ocrx_word' id='word_1_179' title='bbox 1286 1179 1354 1216; x_wconf 79' lang='lat' dir='ltr'>est,</span> <span class='ocrx_word' id='word_1_180' title='bbox 1390 1172 1446 1219; x_wconf 88' lang='lat' dir='ltr'>qui</span> <span class='ocrx_word' id='word_1_181' title='bbox 1471 1171 1610 1206; x_wconf 72' lang='lat' dir='ltr'>istorum</span> <span class='ocrx_word' id='word_1_182' title='bbox 1632 1171 1803 1206; x_wconf 82' lang='lat' dir='ltr'>hominum</span> <span class='ocrx_word' id='word_1_183' title='bbox 1825 1168 1972 1217; x_wconf 80' lang='lat' dir='ltr'>ingeniis</span> 
     </span>
     <span class='ocr_line' id='line_1_17' title="bbox 240 1232 1972 1280; baseline -0.001 -12"><span class='ocrx_word' id='word_1_184' title='bbox 240 1247 278 1268; x_wconf 90' lang='lat' dir='ltr'>ac</span> <span class='ocrx_word' id='word_1_185' title='bbox 305 1234 416 1268; x_wconf 90' lang='lat' dir='ltr'>studio</span> <span class='ocrx_word' id='word_1_186' title='bbox 446 1234 629 1280; x_wconf 87' lang='lat' dir='ltr'>reputatis,</span> <span class='ocrx_word' id='word_1_187' title='bbox 665 1234 803 1268; x_wconf 88' lang='lat' dir='ltr'>dubitet.</span> <span class='ocrx_word' id='word_1_188' title='bbox 853 1234 902 1268; x_wconf 83' lang='lat' dir='ltr'>At</span> <span class='ocrx_word' id='word_1_189' title='bbox 931 1247 1010 1268; x_wconf 87' lang='lat' dir='ltr'>vero</span> <span class='ocrx_word' id='word_1_190' title='bbox 1041 1235 1280 1268; x_wconf 84' lang='lat' dir='ltr'>Callimachum</span> <span class='ocrx_word' id='word_1_191' title='bbox 1302 1235 1548 1280; x_wconf 71' lang='lat' dir='ltr'>Cyrenensem,</span> <span class='ocrx_word' id='word_1_192' title='bbox 1578 1235 1687 1269; x_wconf 75' lang='lat' dir='ltr'>virum</span> <span class='ocrx_word' id='word_1_193' title='bbox 1719 1235 1893 1268; x_wconf 79' lang='lat' dir='ltr'>universae</span> <span class='ocrx_word' id='word_1_194' title='bbox 1921 1232 1972 1266; x_wconf 87' lang='lat' dir='ltr'>rei</span> 
     </span>
     <span class='ocr_line' id='line_1_18' title="bbox 238 1293 1972 1343; baseline -0.001 -12"><span class='ocrx_word' id='word_1_195' title='bbox 238 1296 404 1331; x_wconf 75' lang='lat' dir='ltr'>literarise</span> <span class='ocrx_word' id='word_1_196' title='bbox 429 1295 569 1330; x_wconf 86' lang='lat' dir='ltr'>scientia</span> <span class='ocrx_word' id='word_1_197' title='bbox 590 1295 625 1329; x_wconf 90' lang='lat' dir='ltr'>in</span> <span class='ocrx_word' id='word_1_198' title='bbox 648 1296 764 1341; x_wconf 88' lang='lat' dir='ltr'>paucis</span> <span class='ocrx_word' id='word_1_199' title='bbox 786 1296 971 1341; x_wconf 84' lang='lat' dir='ltr'>insignem,</span> <span class='ocrx_word' id='word_1_200' title='bbox 997 1308 1015 1330; x_wconf 89' lang='lat' dir='ltr'>a</span> <span class='ocrx_word' id='word_1_201' title='bbox 1039 1293 1151 1330; x_wconf 72' lang='lat' dir='ltr'>Suida&#39;</span> <span class='ocrx_word' id='word_1_202' title='bbox 1167 1297 1326 1331; x_wconf 86' lang='lat' dir='ltr'>docemur</span> <span class='ocrx_word' id='word_1_203' title='bbox 1348 1297 1469 1330; x_wconf 88' lang='lat' dir='ltr'>librum</span> <span class='ocrx_word' id='word_1_204' title='bbox 1492 1297 1709 1343; x_wconf 82' lang='lat' dir='ltr'>inscriptum:</span> <span class='ocrx_word' id='word_1_205' title='bbox 1742 1297 1884 1336; x_wconf 74' lang='grc' dir='ltr'>πίνακας</span> <span class='ocrx_word' id='word_1_206' title='bbox 1905 1296 1972 1330; x_wconf 77' lang='grc' dir='ltr'>τόν</span> 
     </span>
     <span class='ocr_line' id='line_1_19' title="bbox 238 1353 1972 1408; baseline -0.002 -13"><span class='ocrx_word' id='word_1_207' title='bbox 238 1361 270 1396; x_wconf 77' lang='grc' dir='ltr'>ἐν</span> <span class='ocrx_word' id='word_1_208' title='bbox 292 1356 384 1406; x_wconf 75' lang='grc' dir='ltr'>πάσῃ</span> <span class='ocrx_word' id='word_1_209' title='bbox 406 1359 537 1408; x_wconf 77' lang='grc' dir='ltr'>παιδείᾳ</span> <span class='ocrx_word' id='word_1_210' title='bbox 558 1355 815 1406; x_wconf 79' lang='grc' dir='ltr'>διαλαμψσίντων</span> <span class='ocrx_word' id='word_1_211' title='bbox 838 1358 895 1395; x_wconf 78' lang='grc' dir='ltr'>καὶ</span> <span class='ocrx_word' id='word_1_212' title='bbox 917 1353 959 1395; x_wconf 73' lang='grc' dir='ltr'>ὧν</span> <span class='ocrx_word' id='word_1_213' title='bbox 983 1360 1183 1405; x_wconf 79' lang='grc' dir='ltr'>συνέγραψαν</span> <span class='ocrx_word' id='word_1_214' title='bbox 1205 1360 1238 1394; x_wconf 80' lang='grc' dir='ltr'>ἐν</span> <span class='ocrx_word' id='word_1_215' title='bbox 1262 1360 1395 1404; x_wconf 82' lang='grc' dir='ltr'>βιβλίοις</span> <span class='ocrx_word' id='word_1_216' title='bbox 1416 1356 1446 1395; x_wconf 84' lang='grc' dir='ltr'>κ’</span> <span class='ocrx_word' id='word_1_217' title='bbox 1468 1359 1525 1395; x_wconf 82' lang='grc' dir='ltr'>καὶ</span> <span class='ocrx_word' id='word_1_218' title='bbox 1547 1356 1572 1405; x_wconf 81' lang='grc' dir='ltr'>ρ’</span> <span class='ocrx_word' id='word_1_219' title='bbox 1596 1358 1859 1403; x_wconf 51' lang='lat' dir='ltr'>condidissem).</span> <span class='ocrx_word' id='word_1_220' title='bbox 1893 1355 1972 1392; x_wconf 83' lang='lat' dir='ltr'>Cal-</span> 
     </span>
     <span class='ocr_line' id='line_1_20' title="bbox 237 1421 1970 1468; baseline -0.001 -13"><span class='ocrx_word' id='word_1_221' title='bbox 237 1423 415 1456; x_wconf 87' lang='lat' dir='ltr'>limachum</span> <span class='ocrx_word' id='word_1_222' title='bbox 442 1422 478 1455; x_wconf 90' lang='lat' dir='ltr'>in</span> <span class='ocrx_word' id='word_1_223' title='bbox 502 1422 748 1455; x_wconf 81' lang='lat' dir='ltr'>bibliothecarii</span> <span class='ocrx_word' id='word_1_224' title='bbox 770 1435 924 1465; x_wconf 87' lang='lat' dir='ltr'>munere,</span> <span class='ocrx_word' id='word_1_225' title='bbox 951 1435 1017 1468; x_wconf 80' lang='lat' dir='ltr'>quo</span> <span class='ocrx_word' id='word_1_226' title='bbox 1039 1421 1265 1456; x_wconf 76' lang='lat' dir='ltr'>Alexandriae</span> <span class='ocrx_word' id='word_1_227' title='bbox 1296 1435 1421 1456; x_wconf 88' lang='lat' dir='ltr'>summa</span> <span class='ocrx_word' id='word_1_228' title='bbox 1450 1435 1524 1456; x_wconf 88' lang='lat' dir='ltr'>eum</span> <span class='ocrx_word' id='word_1_229' title='bbox 1553 1423 1651 1455; x_wconf 89' lang='lat' dir='ltr'>laude</span> <span class='ocrx_word' id='word_1_230' title='bbox 1681 1422 1859 1455; x_wconf 77' lang='lat' dir='ltr'>defunctus</span> <span class='ocrx_word' id='word_1_231' title='bbox 1885 1426 1970 1462; x_wconf 75' lang='lat' dir='ltr'>erat,</span> 
     </span>
    </p>
   </div>
   <div class='ocr_carea' id='block_1_3' title="bbox 458 1497 1972 2360">
    <p class='ocr_par' dir='ltr' id='par_1_3' title="bbox 459 1497 1972 1836">
     <span class='ocr_line' id='line_1_21' title="bbox 459 1497 1971 1539; baseline -0.001 -11"><span class='ocrx_word' id='word_1_232' title='bbox 459 1500 503 1536; x_wconf 80' lang='lat'>⁴⁷)</span> <span class='ocrx_word' id='word_1_233' title='bbox 534 1499 783 1529; x_wconf 78' lang='lat' dir='ltr'>Narratiuneulas</span> <span class='ocrx_word' id='word_1_234' title='bbox 801 1500 856 1530; x_wconf 86' lang='lat' dir='ltr'>has</span> <span class='ocrx_word' id='word_1_235' title='bbox 874 1510 962 1529; x_wconf 82' lang='lat' dir='ltr'>veras</span> <span class='ocrx_word' id='word_1_236' title='bbox 982 1510 1048 1529; x_wconf 86' lang='lat' dir='ltr'>esse</span> <span class='ocrx_word' id='word_1_237' title='bbox 1067 1505 1150 1529; x_wconf 86' lang='lat' dir='ltr'>rectc</span> <span class='ocrx_word' id='word_1_238' title='bbox 1169 1501 1344 1539; x_wconf 78' lang='lat' dir='ltr'>negaveris3</span> <span class='ocrx_word' id='word_1_239' title='bbox 1363 1506 1393 1530; x_wconf 90' lang='lat' dir='ltr'>at</span> <span class='ocrx_word' id='word_1_240' title='bbox 1409 1510 1483 1529; x_wconf 84' lang='lat' dir='ltr'>vero</span> <span class='ocrx_word' id='word_1_241' title='bbox 1503 1510 1553 1529; x_wconf 87' lang='lat' dir='ltr'>eas</span> <span class='ocrx_word' id='word_1_242' title='bbox 1573 1501 1616 1529; x_wconf 86' lang='lat' dir='ltr'>ita</span> <span class='ocrx_word' id='word_1_243' title='bbox 1635 1505 1772 1538; x_wconf 83' lang='lat' dir='ltr'>acceptas</span> <span class='ocrx_word' id='word_1_244' title='bbox 1792 1509 1849 1537; x_wconf 80' lang='lat' dir='ltr'>ego</span> <span class='ocrx_word' id='word_1_245' title='bbox 1868 1497 1971 1530; x_wconf 64' lang='lat' dir='ltr'>velia,</span> 
     </span>
     <span class='ocr_line' id='line_1_22' title="bbox 536 1553 1972 1596; baseline -0.001 -12"><span class='ocrx_word' id='word_1_246' title='bbox 536 1560 571 1584; x_wconf 92' lang='lat' dir='ltr'>ut</span> <span class='ocrx_word' id='word_1_247' title='bbox 590 1565 627 1584; x_wconf 86' lang='lat' dir='ltr'>ex</span> <span class='ocrx_word' id='word_1_248' title='bbox 646 1556 683 1584; x_wconf 86' lang='lat' dir='ltr'>iis</span> <span class='ocrx_word' id='word_1_249' title='bbox 701 1556 774 1593; x_wconf 86' lang='lat' dir='ltr'>ipsis</span> <span class='ocrx_word' id='word_1_250' title='bbox 794 1557 916 1594; x_wconf 85' lang='lat' dir='ltr'>quidem</span> <span class='ocrx_word' id='word_1_251' title='bbox 934 1562 1084 1595; x_wconf 83' lang='lat' dir='ltr'>appareat,</span> <span class='ocrx_word' id='word_1_252' title='bbox 1104 1557 1176 1594; x_wconf 87' lang='lat' dir='ltr'>quid</span> <span class='ocrx_word' id='word_1_253' title='bbox 1196 1561 1317 1585; x_wconf 80' lang='lat' dir='ltr'>veteres</span> <span class='ocrx_word' id='word_1_254' title='bbox 1336 1557 1381 1585; x_wconf 87' lang='lat' dir='ltr'>illi</span> <span class='ocrx_word' id='word_1_255' title='bbox 1401 1557 1438 1584; x_wconf 86' lang='lat' dir='ltr'>de</span> <span class='ocrx_word' id='word_1_256' title='bbox 1457 1556 1633 1596; x_wconf 78' lang='lat' dir='ltr'>Thucydide</span> <span class='ocrx_word' id='word_1_257' title='bbox 1652 1555 1814 1584; x_wconf 82' lang='lat' dir='ltr'>senserint.</span> <span class='ocrx_word' id='word_1_258' title='bbox 1833 1555 1873 1583; x_wconf 76' lang='lat' dir='ltr'>cf.</span> <span class='ocrx_word' id='word_1_259' title='bbox 1888 1553 1972 1582; x_wconf 68' lang='lat' dir='ltr'>‚Ru-ii-</span> 
     </span>
     <span class='ocr_line' id='line_1_23' title="bbox 534 1610 1972 1651; baseline -0.001 -12"><span class='ocrx_word' id='word_1_260' title='bbox 534 1621 598 1650; x_wconf 81' lang='lat' dir='ltr'>ger.</span> <span class='ocrx_word' id='word_1_261' title='bbox 617 1612 670 1640; x_wconf 82' lang='lat' dir='ltr'>vit.</span> <span class='ocrx_word' id='word_1_262' title='bbox 689 1612 786 1641; x_wconf 83' lang='lat' dir='ltr'>Thuc.</span> <span class='ocrx_word' id='word_1_263' title='bbox 803 1623 832 1650; x_wconf 80' lang='lat' dir='ltr'>p.</span> <span class='ocrx_word' id='word_1_264' title='bbox 850 1612 887 1641; x_wconf 83' lang='lat'>81</span> <span class='ocrx_word' id='word_1_265' title='bbox 906 1622 989 1651; x_wconf 74' lang='lat' dir='ltr'>seqq.</span> <span class='ocrx_word' id='word_1_266' title='bbox 1029 1612 1176 1640; x_wconf 81' lang='lat' dir='ltr'>Arsenius</span> <span class='ocrx_word' id='word_1_267' title='bbox 1198 1613 1277 1650; x_wconf 83' lang='lat' dir='ltr'>apud</span> <span class='ocrx_word' id='word_1_268' title='bbox 1299 1612 1413 1640; x_wconf 78' lang='lat' dir='ltr'>Fabric.</span> <span class='ocrx_word' id='word_1_269' title='bbox 1436 1612 1509 1641; x_wconf 76' lang='lat' dir='ltr'>bibl.</span> <span class='ocrx_word' id='word_1_270' title='bbox 1536 1622 1633 1650; x_wconf 83' lang='lat' dir='ltr'>graec.</span> <span class='ocrx_word' id='word_1_271' title='bbox 1659 1613 1718 1639; x_wconf 76' lang='lat' dir='ltr'>vol.</span> <span class='ocrx_word' id='word_1_272' title='bbox 1746 1612 1776 1643; x_wconf 86' lang='grc' dir='ltr'>Ι,</span> <span class='ocrx_word' id='word_1_273' title='bbox 1802 1621 1830 1649; x_wconf 83' lang='lat' dir='ltr'>p.</span> <span class='ocrx_word' id='word_1_274' title='bbox 1849 1610 1914 1638; x_wconf 78' lang='lat'><strong>8⁴11.</strong></span> <span class='ocrx_word' id='word_1_275' title='bbox 1932 1623 1972 1630; x_wconf 87' lang='lat'>-</span> 
     </span>
     <span class='ocr_line' id='line_1_24' title="bbox 535 1660 1969 1713; baseline -0.001 -12"><span class='ocrx_word' id='word_1_276' title='bbox 535 1674 682 1712; x_wconf 71' lang='lat' dir='ltr'>Agathino</span> <span class='ocrx_word' id='word_1_277' title='bbox 701 1675 817 1703; x_wconf 67' lang='lat' dir='ltr'>mator.</span> <span class='ocrx_word' id='word_1_278' title='bbox 835 1676 872 1703; x_wconf 86' lang='lat' dir='ltr'>n.</span> <span class='ocrx_word' id='word_1_279' title='bbox 891 1685 919 1713; x_wconf 76' lang='lat' dir='ltr'>p.</span> <span class='ocrx_word' id='word_1_280' title='bbox 940 1675 996 1703; x_wconf 75' lang='lat' dir='ltr'>12ss</span> <span class='ocrx_word' id='word_1_281' title='bbox 1015 1675 1059 1703; x_wconf 68' lang='grc' dir='ltr'>οιι</span> <span class='ocrx_word' id='word_1_282' title='bbox 1079 1674 1225 1703; x_wconf 77' lang='lat' dir='ltr'>Niebuhr.</span> <span class='ocrx_word' id='word_1_283' title='bbox 1263 1675 1358 1703; x_wconf 75' lang='lat' dir='ltr'>nom..</span> <span class='ocrx_word' id='word_1_284' title='bbox 1380 1674 1459 1702; x_wconf 77' lang='lat'>1828.</span> <span class='ocrx_word' id='word_1_285' title='bbox 1486 1667 1544 1702; x_wconf 76' lang='grc' dir='ltr'>καὶ</span> <span class='ocrx_word' id='word_1_286' title='bbox 1572 1667 1676 1702; x_wconf 78' lang='grc' dir='ltr'><strong>τοίνυν</strong></span> <span class='ocrx_word' id='word_1_287' title='bbox 1692 1669 1817 1713; x_wconf 71' lang='grc' dir='ltr'>φασιν,</span> <span class='ocrx_word' id='word_1_288' title='bbox 1844 1661 1897 1701; x_wconf 80' lang='grc' dir='ltr'>’ὅτι</span> <span class='ocrx_word' id='word_1_289' title='bbox 1927 1660 1969 1710; x_wconf 72' lang='grc' dir='ltr'>δὴ</span> 
     </span>
     <span class='ocr_line' id='line_1_25' title="bbox 534 1725 1972 1775; baseline 0 -13"><span class='ocrx_word' id='word_1_290' title='bbox 534 1735 586 1770; x_wconf 86' lang='lat' dir='ltr'>(de</span> <span class='ocrx_word' id='word_1_291' title='bbox 603 1735 741 1763; x_wconf 87' lang='lat' dir='ltr'>Chosroe</span> <span class='ocrx_word' id='word_1_292' title='bbox 760 1745 931 1765; x_wconf 81' lang='lat' dir='ltr'>sermonem</span> <span class='ocrx_word' id='word_1_293' title='bbox 952 1736 1025 1764; x_wconf 77' lang='lat' dir='ltr'>tacit</span> <span class='ocrx_word' id='word_1_294' title='bbox 1043 1736 1185 1774; x_wconf 83' lang='lat' dir='ltr'>scriptor)</span> <span class='ocrx_word' id='word_1_295' title='bbox 1205 1725 1278 1764; x_wconf 62' lang='grc' dir='ltr'><strong>’ὅλον</strong></span> <span class='ocrx_word' id='word_1_296' title='bbox 1300 1726 1356 1764; x_wconf 69' lang='grc' dir='ltr'>τὸν</span> <span class='ocrx_word' id='word_1_297' title='bbox 1378 1730 1590 1775; x_wconf 70' lang='grc' dir='ltr'>Σταγειρίτην</span> <span class='ocrx_word' id='word_1_298' title='bbox 1612 1738 1845 1774; x_wconf 77' lang='lat' dir='ltr'>(Aristotelem)</span> <span class='ocrx_word' id='word_1_299' title='bbox 1865 1740 1972 1762; x_wconf 82' lang='grc' dir='ltr'>κατα.-</span> 
     </span>
     <span class='ocr_line' id='line_1_26' title="bbox 532 1786 1968 1836; baseline 0.001 -13"><span class='ocrx_word' id='word_1_300' title='bbox 532 1786 612 1824; x_wconf 73' lang='grc' dir='ltr'>πιῶν</span> <span class='ocrx_word' id='word_1_301' title='bbox 633 1790 682 1835; x_wconf 73' lang='grc' dir='ltr'>εἴη</span> <span class='ocrx_word' id='word_1_302' title='bbox 706 1791 827 1835; x_wconf 80' lang='grc' dir='ltr'>μᾶλλον</span> <span class='ocrx_word' id='word_1_303' title='bbox 849 1787 872 1836; x_wconf 75' lang='grc' dir='ltr'>ἦ</span> <span class='ocrx_word' id='word_1_304' title='bbox 895 1787 912 1826; x_wconf 82' lang='grc' dir='ltr'>ὁ</span> <span class='ocrx_word' id='word_1_305' title='bbox 936 1787 1064 1836; x_wconf 75' lang='grc' dir='ltr'>ῥήτωρ</span> <span class='ocrx_word' id='word_1_306' title='bbox 1092 1789 1314 1833; x_wconf 70' lang='grc' dir='ltr'>Παιανιεῦς</span> <span class='ocrx_word' id='word_1_307' title='bbox 1334 1788 1400 1827; x_wconf 82' lang='grc' dir='ltr'>τόν</span> <span class='ocrx_word' id='word_1_308' title='bbox 1423 1788 1574 1836; x_wconf 83' lang='grc' dir='ltr'>Ολόρου</span> <span class='ocrx_word' id='word_1_309' title='bbox 1598 1795 1668 1826; x_wconf 83' lang='grc' dir='ltr'><strong>κτλ.</strong></span> <span class='ocrx_word' id='word_1_310' title='bbox 1713 1799 1858 1827; x_wconf 69' lang='lat' dir='ltr'>Ceterum</span> <span class='ocrx_word' id='word_1_311' title='bbox 1878 1798 1912 1826; x_wconf 84' lang='lat' dir='ltr'>F.</span> <span class='ocrx_word' id='word_1_312' title='bbox 1931 1798 1968 1825; x_wconf 81' lang='grc' dir='ltr'>Α.</span> 
     </span>
    </p>

    <p class='ocr_par' dir='ltr' id='par_1_4' title="bbox 466 1852 1971 2006">
     <span class='ocr_line' id='line_1_27' title="bbox 466 1852 1969 1894; baseline 0.001 -14"><span class='ocrx_word' id='word_1_313' title='bbox 466 1871 479 1880; x_wconf 85' lang='grc'>..</span> <span class='ocrx_word' id='word_1_314' title='bbox 534 1852 645 1881; x_wconf 86' lang='lat' dir='ltr'>Wolfii</span> <span class='ocrx_word' id='word_1_315' title='bbox 655 1853 810 1882; x_wconf 81' lang='lat' dir='ltr'>verissima</span> <span class='ocrx_word' id='word_1_316' title='bbox 823 1854 975 1883; x_wconf 87' lang='lat' dir='ltr'>sententia</span> <span class='ocrx_word' id='word_1_317' title='bbox 984 1854 1031 1883; x_wconf 86' lang='lat' dir='ltr'>his</span> <span class='ocrx_word' id='word_1_318' title='bbox 1051 1855 1152 1884; x_wconf 78' lang='lat' dir='ltr'>verbis</span> <span class='ocrx_word' id='word_1_319' title='bbox 1171 1856 1339 1893; x_wconf 82' lang='lat' dir='ltr'>proposita:</span> <span class='ocrx_word' id='word_1_320' title='bbox 1359 1855 1392 1884; x_wconf 92' lang='lat' dir='ltr'>in</span> <span class='ocrx_word' id='word_1_321' title='bbox 1407 1855 1531 1894; x_wconf 79' lang='lat' dir='ltr'>magnis,</span> <span class='ocrx_word' id='word_1_322' title='bbox 1547 1855 1656 1893; x_wconf 77' lang='lat' dir='ltr'>inquit,</span> <span class='ocrx_word' id='word_1_323' title='bbox 1669 1853 1871 1893; x_wconf 80' lang='lat' dir='ltr'>scriptoribus</span> <span class='ocrx_word' id='word_1_324' title='bbox 1885 1853 1969 1882; x_wconf 85' lang='lat' dir='ltr'>alind</span> 
     </span>
     <span class='ocr_line' id='line_1_28' title="bbox 534 1908 1971 1947; baseline 0.001 -10"><span class='ocrx_word' id='word_1_325' title='bbox 534 1909 610 1946; x_wconf 84' lang='lat' dir='ltr'>legit</span> <span class='ocrx_word' id='word_1_326' title='bbox 633 1908 724 1937; x_wconf 83' lang='lat' dir='ltr'>horno</span> <span class='ocrx_word' id='word_1_327' title='bbox 750 1909 943 1947; x_wconf 81' lang='lat' dir='ltr'>ingeniosus,</span> <span class='ocrx_word' id='word_1_328' title='bbox 968 1910 1092 1939; x_wconf 84' lang='lat' dir='ltr'>illorum</span> <span class='ocrx_word' id='word_1_329' title='bbox 1118 1911 1238 1943; x_wconf 84' lang='lat' dir='ltr'>similis,</span> <span class='ocrx_word' id='word_1_330' title='bbox 1266 1912 1324 1940; x_wconf 89' lang='lat' dir='ltr'>alia</span> <span class='ocrx_word' id='word_1_331' title='bbox 1346 1921 1433 1940; x_wconf 85' lang='lat' dir='ltr'>serva</span> <span class='ocrx_word' id='word_1_332' title='bbox 1459 1911 1542 1939; x_wconf 87' lang='lat' dir='ltr'>natio</span> <span class='ocrx_word' id='word_1_333' title='bbox 1567 1911 1761 1940; x_wconf 77' lang='lat' dir='ltr'>imitatorum.</span> <span class='ocrx_word' id='word_1_334' title='bbox 1800 1911 1835 1939; x_wconf 82' lang='lat' dir='ltr'>ld</span> <span class='ocrx_word' id='word_1_335' title='bbox 1858 1910 1971 1938; x_wconf 74' lang='lat' dir='ltr'>docent</span> 
     </span>
     <span class='ocr_line' id='line_1_29' title="bbox 536 1963 1453 2006; baseline 0.004 -15"><span class='ocrx_word' id='word_1_336' title='bbox 536 1973 604 1992; x_wconf 87' lang='lat' dir='ltr'>rara</span> <span class='ocrx_word' id='word_1_337' title='bbox 624 1963 655 1991; x_wconf 92' lang='lat' dir='ltr'>in</span> <span class='ocrx_word' id='word_1_338' title='bbox 675 1964 882 1993; x_wconf 82' lang='lat' dir='ltr'>Demosthene</span> <span class='ocrx_word' id='word_1_339' title='bbox 900 1965 1028 2004; x_wconf 79' lang='lat' dir='ltr'>vestigia</span> <span class='ocrx_word' id='word_1_340' title='bbox 1046 1966 1221 1994; x_wconf 67' lang='lat' dir='ltr'>imitationis</span> <span class='ocrx_word' id='word_1_341' title='bbox 1241 1966 1453 2006; x_wconf 77' lang='lat' dir='ltr'>Thucydidiae.</span> 
     </span>
    </p>

    <p class='ocr_par' dir='ltr' id='par_1_5' title="bbox 458 2010 1970 2179">
     <span class='ocr_line' id='line_1_30' title="bbox 458 2010 1969 2064; baseline -0.001 -13"><span class='ocrx_word' id='word_1_342' title='bbox 458 2021 502 2058; x_wconf 76' lang='lat'>⁴⁰)</span> <span class='ocrx_word' id='word_1_343' title='bbox 534 2022 570 2051; x_wconf 87' lang='lat' dir='ltr'>ln</span> <span class='ocrx_word' id='word_1_344' title='bbox 588 2020 803 2050; x_wconf 85' lang='lat' dir='ltr'>historicorum</span> <span class='ocrx_word' id='word_1_345' title='bbox 823 2031 1001 2060; x_wconf 79' lang='lat' dir='ltr'>graecorum</span> <span class='ocrx_word' id='word_1_346' title='bbox 1024 2032 1151 2052; x_wconf 81' lang='lat' dir='ltr'>numero</span> <span class='ocrx_word' id='word_1_347' title='bbox 1170 2010 1362 2064; x_wconf 74' lang='lat' dir='ltr'>Thucydides</span> <span class='ocrx_word' id='word_1_348' title='bbox 1385 2033 1420 2053; x_wconf 91' lang='lat' dir='ltr'>eo</span> <span class='ocrx_word' id='word_1_349' title='bbox 1439 2023 1557 2053; x_wconf 88' lang='lat' dir='ltr'>honore</span> <span class='ocrx_word' id='word_1_350' title='bbox 1576 2027 1701 2052; x_wconf 81' lang='lat' dir='ltr'>ornatus</span> <span class='ocrx_word' id='word_1_351' title='bbox 1722 2028 1784 2056; x_wconf 86' lang='lat' dir='ltr'>est,</span> <span class='ocrx_word' id='word_1_352' title='bbox 1812 2027 1848 2052; x_wconf 92' lang='lat' dir='ltr'>ut</span> <span class='ocrx_word' id='word_1_353' title='bbox 1873 2021 1969 2061; x_wconf 82' lang='lat' dir='ltr'>ipsius</span> 
     </span>
     <span class='ocr_line' id='line_1_31' title="bbox 534 2079 1970 2124; baseline 0.001 -13"><span class='ocrx_word' id='word_1_354' title='bbox 534 2083 655 2111; x_wconf 85' lang='lat' dir='ltr'>nomine</span> <span class='ocrx_word' id='word_1_355' title='bbox 673 2091 736 2110; x_wconf 87' lang='lat' dir='ltr'>non</span> <span class='ocrx_word' id='word_1_356' title='bbox 755 2082 870 2115; x_wconf 84' lang='lat' dir='ltr'>addito,</span> <span class='ocrx_word' id='word_1_357' title='bbox 888 2084 952 2112; x_wconf 87' lang='lat' dir='ltr'>sola</span> <span class='ocrx_word' id='word_1_358' title='bbox 971 2079 1177 2124; x_wconf 71' lang='grc' dir='ltr'>συγγραφέως</span> <span class='ocrx_word' id='word_1_359' title='bbox 1194 2086 1351 2114; x_wconf 83' lang='lat' dir='ltr'>notatione</span> <span class='ocrx_word' id='word_1_360' title='bbox 1366 2095 1435 2113; x_wconf 75' lang='lat' dir='ltr'>enin</span> <span class='ocrx_word' id='word_1_361' title='bbox 1449 2089 1574 2123; x_wconf 84' lang='lat' dir='ltr'>possent</span> <span class='ocrx_word' id='word_1_362' title='bbox 1586 2084 1806 2123; x_wconf 74' lang='lat' dir='ltr'>Lexicographi</span> <span class='ocrx_word' id='word_1_363' title='bbox 1820 2089 1852 2113; x_wconf 86' lang='lat' dir='ltr'>et</span> <span class='ocrx_word' id='word_1_364' title='bbox 1865 2086 1970 2114; x_wconf 78' lang='lat' dir='ltr'>Gra--</span> 
     </span>
     <span class='ocr_line' id='line_1_32' title="bbox 533 2122 1314 2179; baseline 0.001 -11"><span class='ocrx_word' id='word_1_365' title='bbox 533 2139 633 2168; x_wconf 84' lang='lat' dir='ltr'>matici</span> <span class='ocrx_word' id='word_1_366' title='bbox 652 2138 821 2176; x_wconf 82' lang='lat' dir='ltr'>significare</span> <span class='ocrx_word' id='word_1_367' title='bbox 840 2138 977 2169; x_wconf 77' lang='lat' dir='ltr'>Crenzer</span> <span class='ocrx_word' id='word_1_368' title='bbox 995 2142 1063 2170; x_wconf 76' lang='lat' dir='ltr'>Art.</span> <span class='ocrx_word' id='word_1_369' title='bbox 1081 2142 1185 2171; x_wconf 77' lang='lat' dir='ltr'>histor.</span> <span class='ocrx_word' id='word_1_370' title='bbox 1203 2122 1236 2179; x_wconf 53' lang='lat' dir='ltr'>ff</span> <span class='ocrx_word' id='word_1_371' title='bbox 1253 2141 1314 2170; x_wconf 78' lang='lat'>179.</span> 
     </span>
    </p>

    <p class='ocr_par' dir='ltr' id='par_1_6' title="bbox 460 2193 1972 2360">
     <span class='ocr_line' id='line_1_33' title="bbox 460 2193 1972 2241; baseline 0.003 -14"><span class='ocrx_word' id='word_1_372' title='bbox 460 2200 504 2237; x_wconf 71' lang='lat'>⁴⁶)</span> <span class='ocrx_word' id='word_1_373' title='bbox 535 2200 743 2238; x_wconf 74' lang='lat' dir='ltr'>Hermogenes</span> <span class='ocrx_word' id='word_1_374' title='bbox 765 2193 836 2239; x_wconf 68' lang='grc' dir='ltr'>περὶ</span> <span class='ocrx_word' id='word_1_375' title='bbox 858 2196 897 2229; x_wconf 76' lang='grc' dir='ltr'>ιδ.</span> <span class='ocrx_word' id='word_1_376' title='bbox 919 2211 947 2240; x_wconf 83' lang='lat' dir='ltr'>p.</span> <span class='ocrx_word' id='word_1_377' title='bbox 970 2202 1034 2231; x_wconf 71' lang='lat'>89⁶.</span> <span class='ocrx_word' id='word_1_378' title='bbox 1074 2203 1201 2238; x_wconf 81' lang='lat' dir='ltr'>Quintil.</span> <span class='ocrx_word' id='word_1_379' title='bbox 1220 2203 1315 2232; x_wconf 83' lang='lat' dir='ltr'>instit.</span> <span class='ocrx_word' id='word_1_380' title='bbox 1335 2208 1408 2232; x_wconf 79' lang='lat' dir='ltr'>orat.</span> <span class='ocrx_word' id='word_1_381' title='bbox 1428 2203 1468 2236; x_wconf 82' lang='lat' dir='ltr'>X,</span> <span class='ocrx_word' id='word_1_382' title='bbox 1488 2204 1512 2231; x_wconf 92' lang='lat'>1.</span> <span class='ocrx_word' id='word_1_383' title='bbox 1552 2204 1588 2231; x_wconf 86' lang='lat' dir='ltr'>ln</span> <span class='ocrx_word' id='word_1_384' title='bbox 1607 2203 1711 2241; x_wconf 70' lang='lat' dir='ltr'>prin-,is</span> <span class='ocrx_word' id='word_1_385' title='bbox 1729 2203 1763 2232; x_wconf 82' lang='lat' dir='ltr'>C.</span> <span class='ocrx_word' id='word_1_386' title='bbox 1785 2203 1972 2232; x_wconf 63' lang='lat' dir='ltr'>ferdinandi</span> 
     </span>
     <span class='ocr_line' id='line_1_34' title="bbox 535 2256 1971 2298; baseline 0.003 -14"><span class='ocrx_word' id='word_1_387' title='bbox 535 2256 641 2285; x_wconf 80' lang='lat' dir='ltr'>Rankii</span> <span class='ocrx_word' id='word_1_388' title='bbox 667 2257 807 2295; x_wconf 82' lang='lat' dir='ltr'>egregius</span> <span class='ocrx_word' id='word_1_389' title='bbox 830 2257 911 2286; x_wconf 85' lang='lat' dir='ltr'>liber</span> <span class='ocrx_word' id='word_1_390' title='bbox 933 2258 1116 2288; x_wconf 84' lang='lat' dir='ltr'>laudandus:</span> <span class='ocrx_word' id='word_1_391' title='bbox 1146 2259 1358 2298; x_wconf 75' lang='lat' dir='ltr'>Aristophanis</span> <span class='ocrx_word' id='word_1_392' title='bbox 1380 2259 1441 2287; x_wconf 77' lang='lat' dir='ltr'>vita</span> <span class='ocrx_word' id='word_1_393' title='bbox 1466 2260 1498 2288; x_wconf 84' lang='lat' dir='ltr'>in</span> <span class='ocrx_word' id='word_1_394' title='bbox 1524 2259 1569 2288; x_wconf 85' lang='lat' dir='ltr'>ed.</span> <span class='ocrx_word' id='word_1_395' title='bbox 1596 2259 1778 2289; x_wconf 77' lang='lat' dir='ltr'>eomnoedd.</span> <span class='ocrx_word' id='word_1_396' title='bbox 1806 2259 1971 2298; x_wconf 67' lang='lat' dir='ltr'>Ari-toph..</span> 
     </span>
     <span class='ocr_line' id='line_1_35' title="bbox 532 2311 1972 2360; baseline 0.003 -21"><span class='ocrx_word' id='word_1_397' title='bbox 532 2322 620 2351; x_wconf 83' lang='lat' dir='ltr'>quam</span> <span class='ocrx_word' id='word_1_398' title='bbox 641 2311 780 2360; x_wconf 80' lang='lat' dir='ltr'>emittere</span> <span class='ocrx_word' id='word_1_399' title='bbox 797 2312 931 2342; x_wconf 83' lang='lat' dir='ltr'>instituit</span> <span class='ocrx_word' id='word_1_400' title='bbox 949 2314 1145 2343; x_wconf 84' lang='lat' dir='ltr'>Bernhardus</span> <span class='ocrx_word' id='word_1_401' title='bbox 1165 2315 1315 2344; x_wconf 83' lang='lat' dir='ltr'>Thiersch</span> <span class='ocrx_word' id='word_1_402' title='bbox 1341 2319 1409 2343; x_wconf 83' lang='lat' dir='ltr'>tom.</span> <span class='ocrx_word' id='word_1_403' title='bbox 1436 2316 1459 2344; x_wconf 87' lang='grc'>1.</span> <span class='ocrx_word' id='word_1_404' title='bbox 1481 2325 1524 2353; x_wconf 83' lang='lat' dir='ltr'>ep.</span> <span class='ocrx_word' id='word_1_405' title='bbox 1547 2315 1598 2343; x_wconf 77' lang='grc' dir='ltr'>ΙΧ.</span> <span class='ocrx_word' id='word_1_406' title='bbox 1622 2325 1649 2353; x_wconf 87' lang='lat' dir='ltr'>p.</span> <span class='ocrx_word' id='word_1_407' title='bbox 1670 2315 1746 2344; x_wconf 77' lang='lat' dir='ltr'>CIV.</span> <span class='ocrx_word' id='word_1_408' title='bbox 1774 2332 1807 2337; x_wconf 94' lang='lat'>—</span> <span class='ocrx_word' id='word_1_409' title='bbox 1835 2316 1972 2344; x_wconf 77' lang='lat' dir='ltr'>Creuzer</span> 
     </span>
    </p>
   </div>
   <div class='ocr_carea' id='block_1_4' title="bbox 536 2367 1737 2452">
    <p class='ocr_par' dir='ltr' id='par_1_7' title="bbox 536 2367 1737 2452">
     <span class='ocr_line' id='line_1_36' title="bbox 536 2367 822 2407; baseline 0 -9"><span class='ocrx_word' id='word_1_410' title='bbox 536 2370 603 2398; x_wconf 75' lang='lat' dir='ltr'>Art.</span> <span class='ocrx_word' id='word_1_411' title='bbox 621 2367 690 2397; x_wconf 87' lang='lat' dir='ltr'>hist.</span> <span class='ocrx_word' id='word_1_412' title='bbox 710 2379 737 2407; x_wconf 78' lang='lat' dir='ltr'>p.</span> <span class='ocrx_word' id='word_1_413' title='bbox 757 2368 822 2398; x_wconf 78' lang='lat'><strong>225.</strong></span> 
     </span>
     <span class='ocr_line' id='line_1_37' title="bbox 1718 2425 1737 2452; baseline 0 0"><span class='ocrx_word' id='word_1_414' title='bbox 1718 2425 1737 2452; x_wconf 81' lang='lat'><strong>7</strong></span> 
     </span>
    </p>
   </div>
  </div>
 </body>
</html>
