<?xml version="1.0" encoding="UTF-8"?>
<!DOCTYPE html PUBLIC "-//W3C//DTD XHTML 1.0 Transitional//EN"
    "http://www.w3.org/TR/xhtml1/DTD/xhtml1-transitional.dtd">
<html xmlns="http://www.w3.org/1999/xhtml" xml:lang="en" lang="en">
 <head>
  <title>
</title>
<meta http-equiv="Content-Type" content="text/html;charset=utf-8" />
  <meta name='ocr-system' content='tesseract 3.04.00' />
  <meta name='ocr-capabilities' content='ocr_page ocr_carea ocr_par ocr_line ocrx_word'/>
</head>
<body>
  <div class='ocr_page' id='page_1' title='image "4624120_0031.png"; bbox 0 0 2259 2943; ppageno 0'>
   <div class='ocr_carea' id='block_1_1' title="bbox 1139 162 1198 207">
    <p class='ocr_par' dir='ltr' id='par_1_1' title="bbox 1139 162 1198 207">
     <span class='ocr_line' id='line_1_1' title="bbox 1139 162 1198 207; baseline -0.017 0"><span class='ocrx_word' id='word_1_1' title='bbox 1139 162 1198 207; x_wconf 78' lang='lat'>24</span> 
     </span>
    </p>
   </div>
   <div class='ocr_carea' id='block_1_2' title="bbox 285 277 2036 1713">
    <p class='ocr_par' dir='ltr' id='par_1_2' title="bbox 285 277 2036 1713">
     <span class='ocr_line' id='line_1_2' title="bbox 288 277 2036 326; baseline 0 -15"><span class='ocrx_word' id='word_1_2' title='bbox 288 277 398 311; x_wconf 87' lang='lat' dir='ltr'>Cicer.</span> <span class='ocrx_word' id='word_1_3' title='bbox 422 278 463 311; x_wconf 90' lang='lat' dir='ltr'>de</span> <span class='ocrx_word' id='word_1_4' title='bbox 488 277 586 312; x_wconf 85' lang='lat' dir='ltr'>Orat.</span> <span class='ocrx_word' id='word_1_5' title='bbox 612 278 659 321; x_wconf 84' lang='lat' dir='ltr'>n,</span> <span class='ocrx_word' id='word_1_6' title='bbox 683 280 737 312; x_wconf 76' lang='lat'>22.</span> <span class='ocrx_word' id='word_1_7' title='bbox 760 278 877 321; x_wconf 85' lang='lat' dir='ltr'>„Ecce</span> <span class='ocrx_word' id='word_1_8' title='bbox 901 279 963 314; x_wconf 88' lang='lat' dir='ltr'>tihi</span> <span class='ocrx_word' id='word_1_9' title='bbox 987 285 1122 314; x_wconf 85' lang='lat' dir='ltr'>exortus</span> <span class='ocrx_word' id='word_1_10' title='bbox 1147 285 1199 314; x_wconf 87' lang='lat' dir='ltr'>est</span> <span class='ocrx_word' id='word_1_11' title='bbox 1214 278 1394 321; x_wconf 84' lang='lat' dir='ltr'>Isocrates,</span> <span class='ocrx_word' id='word_1_12' title='bbox 1419 279 1580 326; x_wconf 85' lang='lat' dir='ltr'>magister</span> <span class='ocrx_word' id='word_1_13' title='bbox 1599 279 1738 314; x_wconf 89' lang='lat' dir='ltr'>istorum</span> <span class='ocrx_word' id='word_1_14' title='bbox 1759 280 1918 323; x_wconf 66' lang='lat' dir='ltr'>omnium,</span> <span class='ocrx_word' id='word_1_15' title='bbox 1941 278 2036 313; x_wconf 80' lang='lat' dir='ltr'>cuius</span> 
     </span>
     <span class='ocr_line' id='line_1_3' title="bbox 287 341 2035 390; baseline 0.002 -16"><span class='ocrx_word' id='word_1_16' title='bbox 287 354 306 374; x_wconf 93' lang='lat' dir='ltr'>e</span> <span class='ocrx_word' id='word_1_17' title='bbox 330 341 421 382; x_wconf 88' lang='lat' dir='ltr'>ludo,</span> <span class='ocrx_word' id='word_1_18' title='bbox 446 348 604 388; x_wconf 86' lang='lat' dir='ltr'>tanquam</span> <span class='ocrx_word' id='word_1_19' title='bbox 629 355 671 375; x_wconf 85' lang='lat' dir='ltr'>cx</span> <span class='ocrx_word' id='word_1_20' title='bbox 694 355 783 388; x_wconf 88' lang='lat' dir='ltr'>equo</span> <span class='ocrx_word' id='word_1_21' title='bbox 804 342 968 387; x_wconf 87' lang='lat' dir='ltr'>Troiano,</span> <span class='ocrx_word' id='word_1_22' title='bbox 991 343 1073 377; x_wconf 85' lang='lat' dir='ltr'>meri</span> <span class='ocrx_word' id='word_1_23' title='bbox 1098 342 1269 389; x_wconf 73' lang='lat' dir='ltr'>principes</span> <span class='ocrx_word' id='word_1_24' title='bbox 1292 342 1460 377; x_wconf 79' lang='lat' dir='ltr'>exierunt:</span> <span class='ocrx_word' id='word_1_25' title='bbox 1482 343 1542 378; x_wconf 86' lang='lat' dir='ltr'>sed</span> <span class='ocrx_word' id='word_1_26' title='bbox 1565 355 1680 377; x_wconf 84' lang='lat' dir='ltr'>eorum</span> <span class='ocrx_word' id='word_1_27' title='bbox 1703 342 1877 390; x_wconf 85' lang='lat' dir='ltr'>partimin</span> <span class='ocrx_word' id='word_1_28' title='bbox 1898 354 2035 390; x_wconf 68' lang='lat' dir='ltr'>pompa,</span> 
     </span>
     <span class='ocr_line' id='line_1_4' title="bbox 288 403 2035 452; baseline 0.001 -16"><span class='ocrx_word' id='word_1_29' title='bbox 288 403 409 449; x_wconf 84' lang='lat' dir='ltr'>partim</span> <span class='ocrx_word' id='word_1_30' title='bbox 439 403 474 441; x_wconf 81' lang='lat' dir='ltr'>in</span> <span class='ocrx_word' id='word_1_31' title='bbox 504 404 575 438; x_wconf 88' lang='lat' dir='ltr'>acie</span> <span class='ocrx_word' id='word_1_32' title='bbox 604 404 753 438; x_wconf 77' lang='lat' dir='ltr'><strong>illustres</strong></span> <span class='ocrx_word' id='word_1_33' title='bbox 784 417 859 438; x_wconf 89' lang='lat' dir='ltr'>esse</span> <span class='ocrx_word' id='word_1_34' title='bbox 890 406 1076 439; x_wconf 85' lang='lat' dir='ltr'>voluerunt.</span> <span class='ocrx_word' id='word_1_35' title='bbox 1129 405 1249 451; x_wconf 86' lang='lat' dir='ltr'>Itaque</span> <span class='ocrx_word' id='word_1_36' title='bbox 1279 412 1312 439; x_wconf 91' lang='lat' dir='ltr'>ct</span> <span class='ocrx_word' id='word_1_37' title='bbox 1341 406 1411 449; x_wconf 91' lang='lat' dir='ltr'>illi,</span> <span class='ocrx_word' id='word_1_38' title='bbox 1442 405 1675 452; x_wconf 81' lang='lat' dir='ltr'>Theopompi,</span> <span class='ocrx_word' id='word_1_39' title='bbox 1709 406 1858 452; x_wconf 80' lang='lat' dir='ltr'>Ephori,</span> <span class='ocrx_word' id='word_1_40' title='bbox 1888 404 2035 447; x_wconf 73' lang='lat' dir='ltr'>Philisti,</span> 
     </span>
     <span class='ocr_line' id='line_1_5' title="bbox 288 460 2035 512; baseline 0.002 -15"><span class='ocrx_word' id='word_1_41' title='bbox 288 465 476 499; x_wconf 73' lang='lat' dir='ltr'><strong>Naucratae</strong></span> <span class='ocrx_word' id='word_1_42' title='bbox 500 466 663 512; x_wconf 87' lang='lat' dir='ltr'>multique</span> <span class='ocrx_word' id='word_1_43' title='bbox 684 460 743 500; x_wconf 75' lang='lat' dir='ltr'>&#39;alii</span> <span class='ocrx_word' id='word_1_44' title='bbox 766 467 893 501; x_wconf 87' lang='lat' dir='ltr'>naturis</span> <span class='ocrx_word' id='word_1_45' title='bbox 917 467 1087 510; x_wconf 83' lang='lat' dir='ltr'>differunt,</span> <span class='ocrx_word' id='word_1_46' title='bbox 1117 467 1288 502; x_wconf 88' lang='lat' dir='ltr'>voluntate</span> <span class='ocrx_word' id='word_1_47' title='bbox 1318 474 1427 501; x_wconf 89' lang='lat' dir='ltr'>autem</span> <span class='ocrx_word' id='word_1_48' title='bbox 1457 467 1583 501; x_wconf 84' lang='lat' dir='ltr'>similes</span> <span class='ocrx_word' id='word_1_49' title='bbox 1616 473 1694 501; x_wconf 87' lang='lat' dir='ltr'>suut</span> <span class='ocrx_word' id='word_1_50' title='bbox 1722 474 1755 502; x_wconf 91' lang='lat' dir='ltr'>et</span> <span class='ocrx_word' id='word_1_51' title='bbox 1785 467 1873 502; x_wconf 86' lang='lat' dir='ltr'>inter</span> <span class='ocrx_word' id='word_1_52' title='bbox 1902 480 1977 501; x_wconf 90' lang='lat' dir='ltr'>sese</span> <span class='ocrx_word' id='word_1_53' title='bbox 2002 472 2035 501; x_wconf 86' lang='lat' dir='ltr'>et</span> 
     </span>
     <span class='ocr_line' id='line_1_6' title="bbox 289 528 2036 577; baseline 0.002 -16"><span class='ocrx_word' id='word_1_54' title='bbox 289 528 477 573; x_wconf 84' lang='lat' dir='ltr'>magistri.“</span> <span class='ocrx_word' id='word_1_55' title='bbox 530 530 609 563; x_wconf 80' lang='lat' dir='ltr'>Huc</span> <span class='ocrx_word' id='word_1_56' title='bbox 634 531 781 574; x_wconf 92' lang='lat' dir='ltr'>accedit,</span> <span class='ocrx_word' id='word_1_57' title='bbox 813 531 905 577; x_wconf 84' lang='lat' dir='ltr'>quod</span> <span class='ocrx_word' id='word_1_58' title='bbox 927 531 1104 565; x_wconf 84' lang='lat' dir='ltr'>maximum</span> <span class='ocrx_word' id='word_1_59' title='bbox 1128 536 1179 564; x_wconf 89' lang='lat' dir='ltr'>est</span> <span class='ocrx_word' id='word_1_60' title='bbox 1203 530 1244 564; x_wconf 90' lang='lat' dir='ltr'>ad</span> <span class='ocrx_word' id='word_1_61' title='bbox 1267 530 1365 564; x_wconf 88' lang='lat' dir='ltr'>huius</span> <span class='ocrx_word' id='word_1_62' title='bbox 1388 530 1504 564; x_wconf 84' lang='lat' dir='ltr'>aetatis</span> <span class='ocrx_word' id='word_1_63' title='bbox 1528 537 1561 565; x_wconf 91' lang='lat' dir='ltr'>et</span> <span class='ocrx_word' id='word_1_64' title='bbox 1585 529 1720 576; x_wconf 85' lang='lat' dir='ltr'>generis</span> <span class='ocrx_word' id='word_1_65' title='bbox 1742 529 1923 565; x_wconf 84' lang='lat' dir='ltr'>historicos</span> <span class='ocrx_word' id='word_1_66' title='bbox 1944 535 2036 564; x_wconf 89' lang='lat' dir='ltr'>recte</span> 
     </span>
     <span class='ocr_line' id='line_1_7' title="bbox 289 590 2036 639; baseline 0.001 -16"><span class='ocrx_word' id='word_1_67' title='bbox 289 590 533 635; x_wconf 88' lang='lat' dir='ltr'>aestimandos,</span> <span class='ocrx_word' id='word_1_68' title='bbox 559 598 613 635; x_wconf 89' lang='lat' dir='ltr'>ut,</span> <span class='ocrx_word' id='word_1_69' title='bbox 640 604 708 638; x_wconf 90' lang='lat' dir='ltr'>quo</span> <span class='ocrx_word' id='word_1_70' title='bbox 732 593 876 639; x_wconf 90' lang='lat' dir='ltr'>amplior</span> <span class='ocrx_word' id='word_1_71' title='bbox 898 606 1010 627; x_wconf 84' lang='lat' dir='ltr'>rerum</span> <span class='ocrx_word' id='word_1_72' title='bbox 1034 592 1240 639; x_wconf 71' lang='lat' dir='ltr'>posteritatis</span> <span class='ocrx_word' id='word_1_73' title='bbox 1262 593 1422 625; x_wconf 89' lang='lat' dir='ltr'>memoria</span> <span class='ocrx_word' id='word_1_74' title='bbox 1446 593 1621 637; x_wconf 86' lang='lat' dir='ltr'>dignarum</span> <span class='ocrx_word' id='word_1_75' title='bbox 1645 594 1800 626; x_wconf 86' lang='lat' dir='ltr'>materies</span> <span class='ocrx_word' id='word_1_76' title='bbox 1823 593 2036 626; x_wconf 71' lang='lat' dir='ltr'>accrescebat</span> 
     </span>
     <span class='ocr_line' id='line_1_8' title="bbox 288 647 2036 701; baseline 0.001 -14"><span class='ocrx_word' id='word_1_77' title='bbox 288 654 510 688; x_wconf 85' lang='lat' dir='ltr'>Macedonico</span> <span class='ocrx_word' id='word_1_78' title='bbox 531 655 681 698; x_wconf 84' lang='lat' dir='ltr'>sacculo,</span> <span class='ocrx_word' id='word_1_79' title='bbox 707 669 748 689; x_wconf 91' lang='lat' dir='ltr'>co</span> <span class='ocrx_word' id='word_1_80' title='bbox 762 656 882 701; x_wconf 83' lang='lat' dir='ltr'>magis,</span> <span class='ocrx_word' id='word_1_81' title='bbox 901 656 986 690; x_wconf 85' lang='lat' dir='ltr'>sicut</span> <span class='ocrx_word' id='word_1_82' title='bbox 1003 655 1036 691; x_wconf 87' lang='lat' dir='ltr'>in</span> <span class='ocrx_word' id='word_1_83' title='bbox 1053 655 1143 689; x_wconf 88' lang='lat' dir='ltr'>omni</span> <span class='ocrx_word' id='word_1_84' title='bbox 1167 655 1286 689; x_wconf 84' lang='lat' dir='ltr'>artium</span> <span class='ocrx_word' id='word_1_85' title='bbox 1309 667 1434 700; x_wconf 77' lang='lat' dir='ltr'>genere</span> <span class='ocrx_word' id='word_1_86' title='bbox 1455 651 1552 697; x_wconf 88' lang='lat' dir='ltr'>solet,</span> <span class='ocrx_word' id='word_1_87' title='bbox 1577 655 1736 688; x_wconf 76' lang='lat' dir='ltr'>historiae</span> <span class='ocrx_word' id='word_1_88' title='bbox 1760 655 1958 689; x_wconf 73' lang='lat' dir='ltr'>scribendae</span> <span class='ocrx_word' id='word_1_89' title='bbox 1980 647 2036 688; x_wconf 81' lang='lat' dir='ltr'>ars</span> 
     </span>
     <span class='ocr_line' id='line_1_9' title="bbox 289 716 2035 764; baseline 0 -14"><span class='ocrx_word' id='word_1_90' title='bbox 289 717 524 763; x_wconf 76' lang='lat' dir='ltr'>elegantiaque</span> <span class='ocrx_word' id='word_1_91' title='bbox 546 719 767 753; x_wconf 85' lang='lat' dir='ltr'>decresceret.</span> <span class='ocrx_word' id='word_1_92' title='bbox 819 719 873 752; x_wconf 82' lang='lat' dir='ltr'>Ex</span> <span class='ocrx_word' id='word_1_93' title='bbox 896 732 1012 753; x_wconf 88' lang='lat' dir='ltr'>eorum</span> <span class='ocrx_word' id='word_1_94' title='bbox 1034 725 1142 752; x_wconf 85' lang='lat' dir='ltr'>autem</span> <span class='ocrx_word' id='word_1_95' title='bbox 1164 731 1323 761; x_wconf 89' lang='lat' dir='ltr'>numero,</span> <span class='ocrx_word' id='word_1_96' title='bbox 1348 717 1405 764; x_wconf 88' lang='lat' dir='ltr'>qui</span> <span class='ocrx_word' id='word_1_97' title='bbox 1430 723 1507 763; x_wconf 89' lang='lat' dir='ltr'>post</span> <span class='ocrx_word' id='word_1_98' title='bbox 1531 718 1615 751; x_wconf 89' lang='lat' dir='ltr'>hanc</span> <span class='ocrx_word' id='word_1_99' title='bbox 1639 723 1799 761; x_wconf 88' lang='lat' dir='ltr'>aetatem,</span> <span class='ocrx_word' id='word_1_100' title='bbox 1825 717 1919 752; x_wconf 87' lang='lat' dir='ltr'>cuius</span> <span class='ocrx_word' id='word_1_101' title='bbox 1942 716 2035 762; x_wconf 84' lang='lat' dir='ltr'>inge-</span> 
     </span>
     <span class='ocr_line' id='line_1_10' title="bbox 290 778 2034 827; baseline 0 -15"><span class='ocrx_word' id='word_1_102' title='bbox 290 779 382 813; x_wconf 91' lang='lat' dir='ltr'>nium</span> <span class='ocrx_word' id='word_1_103' title='bbox 406 779 509 814; x_wconf 89' lang='lat' dir='ltr'>modo</span> <span class='ocrx_word' id='word_1_104' title='bbox 531 793 600 814; x_wconf 91' lang='lat' dir='ltr'>non</span> <span class='ocrx_word' id='word_1_105' title='bbox 623 786 690 814; x_wconf 88' lang='lat' dir='ltr'>tam</span> <span class='ocrx_word' id='word_1_106' title='bbox 713 781 964 827; x_wconf 89' lang='lat' dir='ltr'>explicavimus,</span> <span class='ocrx_word' id='word_1_107' title='bbox 990 793 1086 827; x_wconf 90' lang='lat' dir='ltr'>quam</span> <span class='ocrx_word' id='word_1_108' title='bbox 1104 780 1288 826; x_wconf 76' lang='lat' dir='ltr'>generatim</span> <span class='ocrx_word' id='word_1_109' title='bbox 1306 780 1527 825; x_wconf 86' lang='lat' dir='ltr'>universeque</span> <span class='ocrx_word' id='word_1_110' title='bbox 1545 778 1819 825; x_wconf 79' lang='lat' dir='ltr'>significavimus,</span> <span class='ocrx_word' id='word_1_111' title='bbox 1842 792 1897 812; x_wconf 89' lang='lat' dir='ltr'>res</span> <span class='ocrx_word' id='word_1_112' title='bbox 1920 785 2034 824; x_wconf 83' lang='lat' dir='ltr'>gestas</span> 
     </span>
     <span class='ocr_line' id='line_1_11' title="bbox 291 841 2034 889; baseline 0 -14"><span class='ocrx_word' id='word_1_113' title='bbox 291 842 512 889; x_wconf 87' lang='lat' dir='ltr'>scripserunt,</span> <span class='ocrx_word' id='word_1_114' title='bbox 537 856 640 877; x_wconf 88' lang='lat' dir='ltr'>unum</span> <span class='ocrx_word' id='word_1_115' title='bbox 663 844 892 886; x_wconf 87' lang='lat' dir='ltr'>Plutarchum,</span> <span class='ocrx_word' id='word_1_116' title='bbox 916 850 951 878; x_wconf 87' lang='lat' dir='ltr'>ut</span> <span class='ocrx_word' id='word_1_117' title='bbox 976 844 1017 878; x_wconf 90' lang='lat' dir='ltr'>de</span> <span class='ocrx_word' id='word_1_118' title='bbox 1037 843 1176 889; x_wconf 87' lang='lat' dir='ltr'>reliquis</span> <span class='ocrx_word' id='word_1_119' title='bbox 1200 849 1378 882; x_wconf 84' lang='lat' dir='ltr'>taceamus,</span> <span class='ocrx_word' id='word_1_120' title='bbox 1400 843 1465 876; x_wconf 92' lang='lat' dir='ltr'>huc</span> <span class='ocrx_word' id='word_1_121' title='bbox 1488 841 1639 875; x_wconf 84' lang='lat' dir='ltr'>attulisse</span> <span class='ocrx_word' id='word_1_122' title='bbox 1662 842 1817 885; x_wconf 83' lang='lat' dir='ltr'>sufficiat,</span> <span class='ocrx_word' id='word_1_123' title='bbox 1841 854 1909 888; x_wconf 83' lang='lat' dir='ltr'>quo</span> <span class='ocrx_word' id='word_1_124' title='bbox 1933 854 2034 888; x_wconf 86' lang='lat' dir='ltr'>quem</span> 
     </span>
     <span class='ocr_line' id='line_1_12' title="bbox 290 903 2034 953; baseline -0.001 -15"><span class='ocrx_word' id='word_1_125' title='bbox 290 905 425 939; x_wconf 85' lang='lat' dir='ltr'>saeculo</span> <span class='ocrx_word' id='word_1_126' title='bbox 453 906 573 940; x_wconf 90' lang='lat' dir='ltr'>eodem</span> <span class='ocrx_word' id='word_1_127' title='bbox 606 912 661 940; x_wconf 89' lang='lat' dir='ltr'>aut</span> <span class='ocrx_word' id='word_1_128' title='bbox 690 907 929 953; x_wconf 77' lang='lat' dir='ltr'>elegantiorem</span> <span class='ocrx_word' id='word_1_129' title='bbox 959 912 1013 940; x_wconf 87' lang='lat' dir='ltr'>aut</span> <span class='ocrx_word' id='word_1_130' title='bbox 1042 906 1227 939; x_wconf 84' lang='lat' dir='ltr'>doctiorem</span> <span class='ocrx_word' id='word_1_131' title='bbox 1256 905 1430 951; x_wconf 77' lang='lat' dir='ltr'>magisque</span> <span class='ocrx_word' id='word_1_132' title='bbox 1460 903 1495 938; x_wconf 89' lang='lat' dir='ltr'>iu</span> <span class='ocrx_word' id='word_1_133' title='bbox 1524 904 1660 950; x_wconf 90' lang='lat' dir='ltr'>scriptis</span> <span class='ocrx_word' id='word_1_134' title='bbox 1688 904 1877 950; x_wconf 89' lang='lat' dir='ltr'>priscorum</span> <span class='ocrx_word' id='word_1_135' title='bbox 1898 903 2034 938; x_wconf 90' lang='lat' dir='ltr'>histori-</span> 
     </span>
     <span class='ocr_line' id='line_1_13' title="bbox 290 967 2033 1016; baseline 0 -16"><span class='ocrx_word' id='word_1_136' title='bbox 290 981 406 1001; x_wconf 86' lang='lat' dir='ltr'>corum</span> <span class='ocrx_word' id='word_1_137' title='bbox 430 969 614 1003; x_wconf 83' lang='lat' dir='ltr'>volutatum</span> <span class='ocrx_word' id='word_1_138' title='bbox 639 970 730 1003; x_wconf 89' lang='lat' dir='ltr'>dicas</span> <span class='ocrx_word' id='word_1_139' title='bbox 754 970 907 1016; x_wconf 86' lang='lat' dir='ltr'>profecto</span> <span class='ocrx_word' id='word_1_140' title='bbox 932 983 1000 1003; x_wconf 91' lang='lat' dir='ltr'>non</span> <span class='ocrx_word' id='word_1_141' title='bbox 1020 969 1131 1002; x_wconf 77' lang='lat' dir='ltr'>hahes·</span> <span class='ocrx_word' id='word_1_142' title='bbox 1183 968 1253 1014; x_wconf 77' lang='lat' dir='ltr'>Qui</span> <span class='ocrx_word' id='word_1_143' title='bbox 1283 968 1397 1014; x_wconf 86' lang='lat' dir='ltr'>quanti</span> <span class='ocrx_word' id='word_1_144' title='bbox 1428 967 1547 1002; x_wconf 81' lang='lat' dir='ltr'>fecerit</span> <span class='ocrx_word' id='word_1_145' title='bbox 1577 967 1827 1012; x_wconf 71' lang='lat' dir='ltr'>Thucydidem,</span> <span class='ocrx_word' id='word_1_146' title='bbox 1859 973 2033 1014; x_wconf 87' lang='lat' dir='ltr'>quantum-</span> 
     </span>
     <span class='ocr_line' id='line_1_14' title="bbox 292 1030 2033 1077; baseline 0 -14"><span class='ocrx_word' id='word_1_147' title='bbox 292 1043 357 1077; x_wconf 90' lang='lat' dir='ltr'>que</span> <span class='ocrx_word' id='word_1_148' title='bbox 381 1030 531 1065; x_wconf 87' lang='lat' dir='ltr'>eiusdcm</span> <span class='ocrx_word' id='word_1_149' title='bbox 555 1032 744 1066; x_wconf 85' lang='lat' dir='ltr'>auctoritati</span> <span class='ocrx_word' id='word_1_150' title='bbox 765 1032 944 1065; x_wconf 84' lang='lat' dir='ltr'>historicae</span> <span class='ocrx_word' id='word_1_151' title='bbox 965 1031 1106 1076; x_wconf 85' lang='lat' dir='ltr'>fideique</span> <span class='ocrx_word' id='word_1_152' title='bbox 1130 1030 1304 1074; x_wconf 89' lang='lat' dir='ltr'>tribuerit,</span> <span class='ocrx_word' id='word_1_153' title='bbox 1328 1036 1364 1064; x_wconf 90' lang='lat' dir='ltr'>ut</span> <span class='ocrx_word' id='word_1_154' title='bbox 1387 1043 1463 1064; x_wconf 88' lang='lat' dir='ltr'>eum</span> <span class='ocrx_word' id='word_1_155' title='bbox 1487 1043 1567 1076; x_wconf 83' lang='lat' dir='ltr'>prae</span> <span class='ocrx_word' id='word_1_156' title='bbox 1591 1030 1711 1064; x_wconf 88' lang='lat' dir='ltr'>ceteris</span> <span class='ocrx_word' id='word_1_157' title='bbox 1735 1030 1853 1064; x_wconf 88' lang='lat' dir='ltr'>ducem</span> <span class='ocrx_word' id='word_1_158' title='bbox 1877 1041 2033 1076; x_wconf 86' lang='lat' dir='ltr'>sequere-</span> 
     </span>
     <span class='ocr_line' id='line_1_15' title="bbox 291 1091 2032 1140; baseline 0 -14"><span class='ocrx_word' id='word_1_159' title='bbox 291 1099 345 1126; x_wconf 85' lang='lat' dir='ltr'>tur</span> <span class='ocrx_word' id='word_1_160' title='bbox 362 1094 412 1133; x_wconf 74' lang='lat'>⁴⁶)</span> <span class='ocrx_word' id='word_1_161' title='bbox 437 1106 512 1126; x_wconf 85' lang='lat' dir='ltr'>cum</span> <span class='ocrx_word' id='word_1_162' title='bbox 536 1094 670 1128; x_wconf 87' lang='lat' dir='ltr'>aliunde</span> <span class='ocrx_word' id='word_1_163' title='bbox 693 1101 822 1128; x_wconf 88' lang='lat' dir='ltr'>constat</span> <span class='ocrx_word' id='word_1_164' title='bbox 845 1101 914 1128; x_wconf 91' lang='lat' dir='ltr'>tum</span> <span class='ocrx_word' id='word_1_165' title='bbox 938 1100 1049 1140; x_wconf 80' lang='lat' dir='ltr'>aperte</span> <span class='ocrx_word' id='word_1_166' title='bbox 1072 1094 1146 1139; x_wconf 88' lang='lat' dir='ltr'>ipsc</span> <span class='ocrx_word' id='word_1_167' title='bbox 1169 1094 1330 1127; x_wconf 85' lang='lat' dir='ltr'>declarat:</span> <span class='ocrx_word' id='word_1_168' title='bbox 1353 1093 1467 1127; x_wconf 79' lang='lat' dir='ltr'>Alcih.</span> <span class='ocrx_word' id='word_1_169' title='bbox 1486 1092 1543 1126; x_wconf 89' lang='lat' dir='ltr'>vit.</span> <span class='ocrx_word' id='word_1_170' title='bbox 1555 1093 1667 1126; x_wconf 88' lang='lat' dir='ltr'>multis</span> <span class='ocrx_word' id='word_1_171' title='bbox 1684 1092 1779 1127; x_wconf 89' lang='lat' dir='ltr'>locis.</span> <span class='ocrx_word' id='word_1_172' title='bbox 1812 1091 2032 1126; x_wconf 71' lang='lat' dir='ltr'>Themistocl-</span> 
     </span>
     <span class='ocr_line' id='line_1_16' title="bbox 292 1150 2034 1204; baseline -0.002 -14"><span class='ocrx_word' id='word_1_173' title='bbox 292 1156 349 1191; x_wconf 79' lang='lat' dir='ltr'>vit.</span> <span class='ocrx_word' id='word_1_174' title='bbox 375 1170 429 1203; x_wconf 90' lang='lat' dir='ltr'>cp.</span> <span class='ocrx_word' id='word_1_175' title='bbox 456 1156 598 1192; x_wconf 74' lang='lat' dir='ltr'>xxvi!</span> <span class='ocrx_word' id='word_1_176' title='bbox 621 1157 678 1192; x_wconf 92' lang='lat' dir='ltr'>ubi</span> <span class='ocrx_word' id='word_1_177' title='bbox 703 1156 933 1204; x_wconf 77' lang='lat' dir='ltr'>Thucydidem</span> <span class='ocrx_word' id='word_1_178' title='bbox 957 1156 991 1191; x_wconf 93' lang='lat' dir='ltr'>in</span> <span class='ocrx_word' id='word_1_179' title='bbox 1014 1162 1200 1203; x_wconf 83' lang='lat' dir='ltr'>temporum</span> <span class='ocrx_word' id='word_1_180' title='bbox 1224 1155 1394 1190; x_wconf 86' lang='lat' dir='ltr'>notatione</span> <span class='ocrx_word' id='word_1_181' title='bbox 1421 1155 1615 1202; x_wconf 74' lang='lat' dir='ltr'>diligentem</span> <span class='ocrx_word' id='word_1_182' title='bbox 1640 1150 1738 1199; x_wconf 64' lang='lat' dir='ltr'>dicit,</span> <span class='ocrx_word' id='word_1_183' title='bbox 1770 1155 1804 1189; x_wconf 91' lang='lat' dir='ltr'>in</span> <span class='ocrx_word' id='word_1_184' title='bbox 1834 1154 1952 1188; x_wconf 81' lang='lat' dir='ltr'>Niciae</span> <span class='ocrx_word' id='word_1_185' title='bbox 1975 1154 2034 1187; x_wconf 76' lang='lat' dir='ltr'>vit.</span> 
     </span>
     <span class='ocr_line' id='line_1_17' title="bbox 292 1215 2033 1265; baseline -0.001 -12"><span class='ocrx_word' id='word_1_186' title='bbox 292 1221 512 1265; x_wconf 80' lang='grc' dir='ltr'>Θουκυδίδης,</span> <span class='ocrx_word' id='word_1_187' title='bbox 543 1220 671 1265; x_wconf 85' lang='lat' dir='ltr'>inquit,</span> <span class='ocrx_word' id='word_1_188' title='bbox 702 1217 1112 1265; x_wconf 78' lang='grc' dir='ltr'>ἐναργέστατος-γενόμενος</span> <span class='ocrx_word' id='word_1_189' title='bbox 1137 1215 1309 1265; x_wconf 72' lang='grc' dir='ltr'>ἀμιμήτως</span> <span class='ocrx_word' id='word_1_190' title='bbox 1335 1216 1501 1265; x_wconf 73' lang='grc' dir='ltr'>ἐξενήνοχε</span> <span class='ocrx_word' id='word_1_191' title='bbox 1532 1219 1609 1261; x_wconf 89' lang='lat' dir='ltr'>(scl.</span> <span class='ocrx_word' id='word_1_192' title='bbox 1631 1230 1687 1253; x_wconf 85' lang='lat' dir='ltr'>res</span> <span class='ocrx_word' id='word_1_193' title='bbox 1710 1225 1825 1264; x_wconf 88' lang='lat' dir='ltr'>gestas</span> <span class='ocrx_word' id='word_1_194' title='bbox 1846 1218 2033 1253; x_wconf 78' lang='lat' dir='ltr'>Athenien-</span> 
     </span>
     <span class='ocr_line' id='line_1_18' title="bbox 292 1279 2030 1327; baseline 0 -13"><span class='ocrx_word' id='word_1_195' title='bbox 292 1282 378 1315; x_wconf 88' lang='lat' dir='ltr'>sium</span> <span class='ocrx_word' id='word_1_196' title='bbox 402 1288 435 1315; x_wconf 88' lang='lat' dir='ltr'>ct</span> <span class='ocrx_word' id='word_1_197' title='bbox 456 1281 574 1315; x_wconf 83' lang='lat' dir='ltr'>Niciae</span> <span class='ocrx_word' id='word_1_198' title='bbox 597 1282 631 1315; x_wconf 88' lang='lat' dir='ltr'>iu</span> <span class='ocrx_word' id='word_1_199' title='bbox 655 1280 800 1323; x_wconf 88' lang='lat' dir='ltr'>Sicilia).</span> <span class='ocrx_word' id='word_1_200' title='bbox 851 1282 923 1316; x_wconf 81' lang='lat' dir='ltr'>Nec</span> <span class='ocrx_word' id='word_1_201' title='bbox 947 1282 1076 1315; x_wconf 80' lang='lat' dir='ltr'>silentio</span> <span class='ocrx_word' id='word_1_202' title='bbox 1099 1283 1162 1315; x_wconf 91' lang='lat' dir='ltr'>hoe</span> <span class='ocrx_word' id='word_1_203' title='bbox 1186 1283 1260 1315; x_wconf 92' lang='lat' dir='ltr'>loco</span> <span class='ocrx_word' id='word_1_204' title='bbox 1286 1295 1360 1315; x_wconf 88' lang='lat' dir='ltr'>esse</span> <span class='ocrx_word' id='word_1_205' title='bbox 1383 1281 1663 1327; x_wconf 85' lang='lat' dir='ltr'>praetereundum</span> <span class='ocrx_word' id='word_1_206' title='bbox 1685 1279 1788 1327; x_wconf 88' lang='lat' dir='ltr'>puto,</span> <span class='ocrx_word' id='word_1_207' title='bbox 1819 1280 1910 1327; x_wconf 89' lang='lat' dir='ltr'>quod</span> <span class='ocrx_word' id='word_1_208' title='bbox 1941 1279 2030 1326; x_wconf 83' lang='lat' dir='ltr'>apud</span> 
     </span>
     <span class='ocr_line' id='line_1_19' title="bbox 291 1343 2031 1379; baseline -0.001 -1"><span class='ocrx_word' id='word_1_209' title='bbox 291 1344 434 1378; x_wconf 87' lang='lat' dir='ltr'>eundem</span> <span class='ocrx_word' id='word_1_210' title='bbox 456 1344 674 1378; x_wconf 80' lang='lat' dir='ltr'>Plutarchum</span> <span class='ocrx_word' id='word_1_211' title='bbox 700 1344 735 1378; x_wconf 92' lang='lat' dir='ltr'>in</span> <span class='ocrx_word' id='word_1_212' title='bbox 764 1345 941 1379; x_wconf 85' lang='lat' dir='ltr'>Demosth.</span> <span class='ocrx_word' id='word_1_213' title='bbox 972 1344 1036 1378; x_wconf 83' lang='lat' dir='ltr'>vita</span> <span class='ocrx_word' id='word_1_214' title='bbox 1066 1345 1107 1378; x_wconf 92' lang='lat' dir='ltr'>de</span> <span class='ocrx_word' id='word_1_215' title='bbox 1136 1357 1177 1378; x_wconf 92' lang='lat' dir='ltr'>eo</span> <span class='ocrx_word' id='word_1_216' title='bbox 1201 1351 1335 1378; x_wconf 89' lang='lat' dir='ltr'>oratore</span> <span class='ocrx_word' id='word_1_217' title='bbox 1357 1344 1498 1377; x_wconf 85' lang='lat' dir='ltr'>relatum</span> <span class='ocrx_word' id='word_1_218' title='bbox 1522 1343 1720 1377; x_wconf 74' lang='lat' dir='ltr'>invenimus-</span> <span class='ocrx_word' id='word_1_219' title='bbox 1765 1344 2031 1377; x_wconf 86' lang='lat' dir='ltr'>Demosthenem</span> 
     </span>
     <span class='ocr_line' id='line_1_20' title="bbox 291 1404 2030 1453; baseline 0.001 -14"><span class='ocrx_word' id='word_1_220' title='bbox 291 1407 380 1439; x_wconf 89' lang='lat' dir='ltr'>enim</span> <span class='ocrx_word' id='word_1_221' title='bbox 404 1414 578 1448; x_wconf 87' lang='lat' dir='ltr'>memorat,</span> <span class='ocrx_word' id='word_1_222' title='bbox 605 1420 671 1452; x_wconf 91' lang='lat' dir='ltr'>quo</span> <span class='ocrx_word' id='word_1_223' title='bbox 695 1414 848 1453; x_wconf 86' lang='lat' dir='ltr'>tempore</span> <span class='ocrx_word' id='word_1_224' title='bbox 870 1415 998 1442; x_wconf 88' lang='lat' dir='ltr'>tutores</span> <span class='ocrx_word' id='word_1_225' title='bbox 1021 1421 1098 1441; x_wconf 88' lang='lat' dir='ltr'>suos</span> <span class='ocrx_word' id='word_1_226' title='bbox 1121 1408 1351 1441; x_wconf 83' lang='lat' dir='ltr'>fraudulentos</span> <span class='ocrx_word' id='word_1_227' title='bbox 1373 1407 1408 1441; x_wconf 89' lang='lat' dir='ltr'>in</span> <span class='ocrx_word' id='word_1_228' title='bbox 1432 1407 1591 1441; x_wconf 90' lang='lat' dir='ltr'>iudicium</span> <span class='ocrx_word' id='word_1_229' title='bbox 1613 1413 1748 1442; x_wconf 86' lang='lat' dir='ltr'>vocaret</span> <span class='ocrx_word' id='word_1_230' title='bbox 1767 1419 1896 1442; x_wconf 86' lang='lat' dir='ltr'>summo</span> <span class='ocrx_word' id='word_1_231' title='bbox 1917 1404 2030 1441; x_wconf 83' lang='lat' dir='ltr'>studio</span> 
     </span>
     <span class='ocr_line' id='line_1_21' title="bbox 289 1465 2031 1516; baseline 0 -14"><span class='ocrx_word' id='word_1_232' title='bbox 289 1469 323 1502; x_wconf 91' lang='lat' dir='ltr'>in</span> <span class='ocrx_word' id='word_1_233' title='bbox 349 1469 558 1515; x_wconf 77' lang='lat' dir='ltr'>Thucydidis</span> <span class='ocrx_word' id='word_1_234' title='bbox 582 1469 718 1516; x_wconf 88' lang='lat' dir='ltr'>scriptis</span> <span class='ocrx_word' id='word_1_235' title='bbox 745 1476 912 1504; x_wconf 85' lang='lat' dir='ltr'>versatum</span> <span class='ocrx_word' id='word_1_236' title='bbox 944 1469 1064 1513; x_wconf 78' lang='lat' dir='ltr'>fuisse,</span> <span class='ocrx_word' id='word_1_237' title='bbox 1093 1482 1192 1516; x_wconf 89' lang='lat' dir='ltr'>quem</span> <span class='ocrx_word' id='word_1_238' title='bbox 1220 1469 1361 1503; x_wconf 89' lang='lat' dir='ltr'>eundem</span> <span class='ocrx_word' id='word_1_239' title='bbox 1392 1475 1558 1502; x_wconf 82' lang='lat' dir='ltr'>oratorem</span> <span class='ocrx_word' id='word_1_240' title='bbox 1589 1469 1758 1503; x_wconf 85' lang='lat' dir='ltr'>Lucianus</span> <span class='ocrx_word' id='word_1_241' title='bbox 1790 1475 1903 1502; x_wconf 85' lang='lat' dir='ltr'>narrat</span> <span class='ocrx_word' id='word_1_242' title='bbox 1932 1465 2031 1514; x_wconf 81' lang='grc' dir='ltr'>(πρὸς</span> 
     </span>
     <span class='ocr_line' id='line_1_22' title="bbox 288 1527 2030 1579; baseline 0.001 -12"><span class='ocrx_word' id='word_1_243' title='bbox 288 1529 418 1573; x_wconf 80' lang='grc' dir='ltr'>οἷπαίδ.)</span> <span class='ocrx_word' id='word_1_244' title='bbox 443 1533 549 1566; x_wconf 90' lang='lat' dir='ltr'>octies</span> <span class='ocrx_word' id='word_1_245' title='bbox 573 1546 630 1566; x_wconf 90' lang='lat' dir='ltr'>sua</span> <span class='ocrx_word' id='word_1_246' title='bbox 656 1546 754 1566; x_wconf 88' lang='lat' dir='ltr'>manu</span> <span class='ocrx_word' id='word_1_247' title='bbox 767 1533 975 1579; x_wconf 88' lang='lat' dir='ltr'>Thucydidis</span> <span class='ocrx_word' id='word_1_248' title='bbox 999 1534 1118 1566; x_wconf 84' lang='lat' dir='ltr'>librum</span> <span class='ocrx_word' id='word_1_249' title='bbox 1142 1533 1412 1578; x_wconf 88' lang='lat' dir='ltr'>transscripsisse</span> <span class='ocrx_word' id='word_1_250' title='bbox 1436 1538 1469 1566; x_wconf 88' lang='lat' dir='ltr'>ct</span> <span class='ocrx_word' id='word_1_251' title='bbox 1483 1532 1611 1566; x_wconf 88' lang='lat' dir='ltr'>Zosim.</span> <span class='ocrx_word' id='word_1_252' title='bbox 1635 1533 1694 1566; x_wconf 85' lang='lat' dir='ltr'>vit.</span> <span class='ocrx_word' id='word_1_253' title='bbox 1718 1529 1820 1574; x_wconf 66' lang='grc' dir='ltr'>οὕτως</span> <span class='ocrx_word' id='word_1_254' title='bbox 1833 1533 1960 1577; x_wconf 85' lang='grc' dir='ltr'>λέγεται</span> <span class='ocrx_word' id='word_1_255' title='bbox 1974 1527 2030 1568; x_wconf 72' lang='grc' dir='ltr'>αὖ·</span> 
     </span>
     <span class='ocr_line' id='line_1_23' title="bbox 285 1590 2030 1642; baseline 0.001 -13"><span class='ocrx_word' id='word_1_256' title='bbox 285 1592 340 1629; x_wconf 79' lang='grc' dir='ltr'>τὸν</span> <span class='ocrx_word' id='word_1_257' title='bbox 363 1597 623 1640; x_wconf 75' lang='grc' dir='ltr'>ἐκμεμαθηκέναι</span> <span class='ocrx_word' id='word_1_258' title='bbox 647 1593 731 1631; x_wconf 80' lang='grc' dir='ltr'>ὅστε</span> <span class='ocrx_word' id='word_1_259' title='bbox 753 1597 946 1642; x_wconf 80' lang='grc' dir='ltr'>φέρεσθαί</span> <span class='ocrx_word' id='word_1_260' title='bbox 965 1610 998 1631; x_wconf 88' lang='grc' dir='ltr'>τι</span> <span class='ocrx_word' id='word_1_261' title='bbox 1018 1598 1161 1631; x_wconf 75' lang='grc' dir='ltr'>τοιοῦτον</span> <span class='ocrx_word' id='word_1_262' title='bbox 1183 1595 1253 1640; x_wconf 72' lang='grc' dir='ltr'>περὶ</span> <span class='ocrx_word' id='word_1_263' title='bbox 1275 1590 1373 1630; x_wconf 62' lang='grc' dir='ltr'>αὐτοῦ</span> <span class='ocrx_word' id='word_1_264' title='bbox 1397 1591 1450 1630; x_wconf 65' lang='grc' dir='ltr'>’ὅτι</span> <span class='ocrx_word' id='word_1_265' title='bbox 1473 1595 1551 1630; x_wconf 82' lang='grc' dir='ltr'>ποτὲ</span> <span class='ocrx_word' id='word_1_266' title='bbox 1574 1596 1710 1641; x_wconf 82' lang='grc' dir='ltr'>καείσης</span> <span class='ocrx_word' id='word_1_267' title='bbox 1732 1597 1795 1641; x_wconf 83' lang='grc' dir='ltr'>τῆς</span> <span class='ocrx_word' id='word_1_268' title='bbox 1821 1592 2030 1641; x_wconf 71' lang='grc' dir='ltr'>βιβλιοθήκης</span> 
     </span>
     <span class='ocr_line' id='line_1_24' title="bbox 288 1653 2031 1713; baseline 0.001 -21"><span class='ocrx_word' id='word_1_269' title='bbox 288 1659 320 1692; x_wconf 80' lang='grc' dir='ltr'>ἐν</span> <span class='ocrx_word' id='word_1_270' title='bbox 343 1654 484 1703; x_wconf 74' lang='grc' dir='ltr'>Ἀθήναις</span> <span class='ocrx_word' id='word_1_271' title='bbox 504 1658 562 1694; x_wconf 77' lang='grc' dir='ltr'>καὶ</span> <span class='ocrx_word' id='word_1_272' title='bbox 592 1661 789 1703; x_wconf 73' lang='grc' dir='ltr'>συγκαεισῶν</span> <span class='ocrx_word' id='word_1_273' title='bbox 817 1661 880 1694; x_wconf 80' lang='grc' dir='ltr'>τῶν</span> <span class='ocrx_word' id='word_1_274' title='bbox 911 1659 1052 1704; x_wconf 67' lang='grc' dir='ltr'>ἱστοριῶν</span> <span class='ocrx_word' id='word_1_275' title='bbox 1076 1659 1277 1713; x_wconf 37' lang='grc' dir='ltr'>Θουκυδίδου·</span> <span class='ocrx_word' id='word_1_276' title='bbox 1296 1654 1393 1694; x_wconf 70' lang='grc' dir='ltr'>αὐτὸν</span> <span class='ocrx_word' id='word_1_277' title='bbox 1416 1654 1509 1703; x_wconf 85' lang='grc' dir='ltr'>μόνον</span> <span class='ocrx_word' id='word_1_278' title='bbox 1533 1653 1815 1705; x_wconf 76' lang='grc' dir='ltr'>ἀπομνημονεῦσαι</span> <span class='ocrx_word' id='word_1_279' title='bbox 1836 1660 1948 1694; x_wconf 82' lang='grc' dir='ltr'>πασῶν</span> <span class='ocrx_word' id='word_1_280' title='bbox 1971 1657 2031 1694; x_wconf 72' lang='grc' dir='ltr'>καὶ</span> 
     </span>
    </p>
   </div>
   <div class='ocr_carea' id='block_1_3' title="bbox 506 1740 2028 2399">
    <p class='ocr_par' dir='ltr' id='par_1_3' title="bbox 584 1740 2028 1892">
     <span class='ocr_line' id='line_1_25' title="bbox 585 1740 2028 1779; baseline 0.001 -11"><span class='ocrx_word' id='word_1_281' title='bbox 585 1741 707 1779; x_wconf 77' lang='lat' dir='ltr'>generis</span> <span class='ocrx_word' id='word_1_282' title='bbox 727 1741 885 1773; x_wconf 85' lang='lat' dir='ltr'>habuerit,</span> <span class='ocrx_word' id='word_1_283' title='bbox 913 1751 1001 1779; x_wconf 88' lang='lat' dir='ltr'>quam</span> <span class='ocrx_word' id='word_1_284' title='bbox 1021 1743 1177 1769; x_wconf 78' lang='lat' dir='ltr'>Isocrates.</span> <span class='ocrx_word' id='word_1_285' title='bbox 1216 1741 1290 1768; x_wconf 84' lang='lat' dir='ltr'>Nam</span> <span class='ocrx_word' id='word_1_286' title='bbox 1316 1742 1348 1769; x_wconf 87' lang='lat' dir='ltr'>in</span> <span class='ocrx_word' id='word_1_287' title='bbox 1373 1740 1520 1768; x_wconf 87' lang='lat' dir='ltr'>historico</span> <span class='ocrx_word' id='word_1_288' title='bbox 1546 1741 1699 1769; x_wconf 85' lang='lat' dir='ltr'>scribendi</span> <span class='ocrx_word' id='word_1_289' title='bbox 1725 1750 1838 1779; x_wconf 80' lang='lat' dir='ltr'>genere</span> <span class='ocrx_word' id='word_1_290' title='bbox 1863 1742 2028 1769; x_wconf 78' lang='lat' dir='ltr'>Isocratem</span> 
     </span>
     <span class='ocr_line' id='line_1_26' title="bbox 585 1796 2028 1835; baseline 0.001 -12"><span class='ocrx_word' id='word_1_291' title='bbox 585 1796 692 1825; x_wconf 78' lang='lat' dir='ltr'>imitati</span> <span class='ocrx_word' id='word_1_292' title='bbox 712 1801 784 1824; x_wconf 84' lang='lat' dir='ltr'>sunt</span> <span class='ocrx_word' id='word_1_293' title='bbox 804 1798 980 1834; x_wconf 74' lang='lat' dir='ltr'>magistrum</span> <span class='ocrx_word' id='word_1_294' title='bbox 1001 1798 1222 1834; x_wconf 88' lang='lat' dir='ltr'>Theopompus,</span> <span class='ocrx_word' id='word_1_295' title='bbox 1245 1797 1397 1834; x_wconf 84' lang='lat' dir='ltr'>Ephorus,</span> <span class='ocrx_word' id='word_1_296' title='bbox 1419 1797 1573 1828; x_wconf 84' lang='lat' dir='ltr'>Philistus,</span> <span class='ocrx_word' id='word_1_297' title='bbox 1595 1797 1677 1835; x_wconf 86' lang='lat' dir='ltr'>quod</span> <span class='ocrx_word' id='word_1_298' title='bbox 1695 1797 1775 1825; x_wconf 87' lang='lat' dir='ltr'>idem</span> <span class='ocrx_word' id='word_1_299' title='bbox 1795 1801 1826 1825; x_wconf 89' lang='lat' dir='ltr'>et</span> <span class='ocrx_word' id='word_1_300' title='bbox 1846 1796 1954 1826; x_wconf 84' lang='lat' dir='ltr'>Cicero</span> <span class='ocrx_word' id='word_1_301' title='bbox 1969 1797 1989 1825; x_wconf 91' lang='lat' dir='ltr'>l.</span> <span class='ocrx_word' id='word_1_302' title='bbox 2009 1796 2028 1825; x_wconf 77' lang='lat' dir='ltr'>l.</span> 
     </span>
     <span class='ocr_line' id='line_1_27' title="bbox 584 1852 1366 1892; baseline -0.001 -12"><span class='ocrx_word' id='word_1_303' title='bbox 584 1858 614 1880; x_wconf 87' lang='lat' dir='ltr'>et</span> <span class='ocrx_word' id='word_1_304' title='bbox 634 1852 758 1892; x_wconf 82' lang='lat' dir='ltr'>Dionys.</span> <span class='ocrx_word' id='word_1_305' title='bbox 778 1853 930 1881; x_wconf 71' lang='lat' dir='ltr'>Halicarn.</span> <span class='ocrx_word' id='word_1_306' title='bbox 950 1854 983 1881; x_wconf 88' lang='lat' dir='ltr'>in</span> <span class='ocrx_word' id='word_1_307' title='bbox 1002 1852 1143 1881; x_wconf 82' lang='lat' dir='ltr'>Dinarch.</span> <span class='ocrx_word' id='word_1_308' title='bbox 1167 1862 1194 1890; x_wconf 87' lang='lat' dir='ltr'>p.</span> <span class='ocrx_word' id='word_1_309' title='bbox 1215 1853 1269 1881; x_wconf 79' lang='lat'>115</span> <span class='ocrx_word' id='word_1_310' title='bbox 1287 1852 1366 1880; x_wconf 84' lang='lat' dir='ltr'>dicit.</span> 
     </span>
    </p>

    <p class='ocr_par' dir='ltr' id='par_1_4' title="bbox 506 1908 2028 2399">
     <span class='ocr_line' id='line_1_28' title="bbox 506 1908 2028 1948; baseline 0.001 -12"><span class='ocrx_word' id='word_1_311' title='bbox 506 1909 550 1944; x_wconf 79' lang='lat'>⁴⁰)</span> <span class='ocrx_word' id='word_1_312' title='bbox 580 1909 734 1936; x_wconf 86' lang='lat' dir='ltr'>Diodorus</span> <span class='ocrx_word' id='word_1_313' title='bbox 755 1909 798 1941; x_wconf 86' lang='lat' dir='ltr'>si,</span> <span class='ocrx_word' id='word_1_314' title='bbox 819 1919 908 1946; x_wconf 83' lang='lat' dir='ltr'>quam</span> <span class='ocrx_word' id='word_1_315' title='bbox 929 1919 1052 1937; x_wconf 81' lang='lat' dir='ltr'>securus</span> <span class='ocrx_word' id='word_1_316' title='bbox 1073 1909 1169 1940; x_wconf 86' lang='lat' dir='ltr'>solet,</span> <span class='ocrx_word' id='word_1_317' title='bbox 1192 1913 1252 1936; x_wconf 82' lang='lat' dir='ltr'>tam</span> <span class='ocrx_word' id='word_1_318' title='bbox 1271 1908 1398 1946; x_wconf 82' lang='lat' dir='ltr'>diligens</span> <span class='ocrx_word' id='word_1_319' title='bbox 1413 1908 1603 1948; x_wconf 76' lang='lat' dir='ltr'>Thucydidis</span> <span class='ocrx_word' id='word_1_320' title='bbox 1623 1909 1760 1947; x_wconf 80' lang='lat' dir='ltr'>vestigiis</span> <span class='ocrx_word' id='word_1_321' title='bbox 1779 1909 1956 1942; x_wconf 85' lang='lat' dir='ltr'>institisset,</span> <span class='ocrx_word' id='word_1_322' title='bbox 1975 1909 2028 1937; x_wconf 85' lang='lat' dir='ltr'>mi-</span> 
     </span>
     <span class='ocr_line' id='line_1_29' title="bbox 583 1963 2027 2002; baseline 0.001 -11"><span class='ocrx_word' id='word_1_323' title='bbox 583 1974 641 1992; x_wconf 87' lang='lat' dir='ltr'>nus</span> <span class='ocrx_word' id='word_1_324' title='bbox 661 1963 771 1992; x_wconf 78' lang='lat' dir='ltr'>crebro</span> <span class='ocrx_word' id='word_1_325' title='bbox 792 1973 882 2002; x_wconf 83' lang='lat' dir='ltr'>quam</span> <span class='ocrx_word' id='word_1_326' title='bbox 902 1964 974 1992; x_wconf 82' lang='lat' dir='ltr'>fecit</span> <span class='ocrx_word' id='word_1_327' title='bbox 994 1974 1010 1992; x_wconf 84' lang='lat' dir='ltr'>a</span> <span class='ocrx_word' id='word_1_328' title='bbox 1032 1974 1103 1991; x_wconf 86' lang='lat' dir='ltr'>vero</span> <span class='ocrx_word' id='word_1_329' title='bbox 1125 1963 1304 1991; x_wconf 80' lang='lat' dir='ltr'>aberrasset.</span> <span class='ocrx_word' id='word_1_330' title='bbox 1343 1964 1465 1992; x_wconf 85' lang='lat' dir='ltr'>Cornel.</span> <span class='ocrx_word' id='word_1_331' title='bbox 1485 1964 1585 2002; x_wconf 85' lang='lat' dir='ltr'>Nepos</span> <span class='ocrx_word' id='word_1_332' title='bbox 1611 1966 1652 2000; x_wconf 60' lang='grc' dir='ltr'>(ἲ)</span> <span class='ocrx_word' id='word_1_333' title='bbox 1675 1969 1822 2002; x_wconf 84' lang='lat' dir='ltr'>quantum</span> <span class='ocrx_word' id='word_1_334' title='bbox 1848 1965 1919 1992; x_wconf 77' lang='lat' dir='ltr'>fidei</span> <span class='ocrx_word' id='word_1_335' title='bbox 1944 1965 2027 1993; x_wconf 80' lang='lat' dir='ltr'>&#39;rhu-</span> 
     </span>
     <span class='ocr_line' id='line_1_30' title="bbox 582 2020 2026 2060; baseline 0.001 -11"><span class='ocrx_word' id='word_1_336' title='bbox 582 2021 681 2060; x_wconf 78' lang='lat' dir='ltr'>cydidi</span> <span class='ocrx_word' id='word_1_337' title='bbox 700 2021 858 2054; x_wconf 84' lang='lat' dir='ltr'>habuerit,</span> <span class='ocrx_word' id='word_1_338' title='bbox 886 2031 921 2050; x_wconf 85' lang='lat' dir='ltr'>ex</span> <span class='ocrx_word' id='word_1_339' title='bbox 942 2021 1034 2059; x_wconf 86' lang='lat' dir='ltr'>ipsius</span> <span class='ocrx_word' id='word_1_340' title='bbox 1054 2021 1176 2059; x_wconf 80' lang='lat' dir='ltr'>quidem</span> <span class='ocrx_word' id='word_1_341' title='bbox 1195 2020 1274 2049; x_wconf 85' lang='lat' dir='ltr'>libro</span> <span class='ocrx_word' id='word_1_342' title='bbox 1294 2020 1510 2059; x_wconf 86' lang='lat' dir='ltr'>comperimus,</span> <span class='ocrx_word' id='word_1_343' title='bbox 1536 2020 1589 2049; x_wconf 88' lang='lat' dir='ltr'>sed</span> <span class='ocrx_word' id='word_1_344' title='bbox 1609 2020 1705 2054; x_wconf 83' lang='lat' dir='ltr'>idem,</span> <span class='ocrx_word' id='word_1_345' title='bbox 1732 2020 1814 2060; x_wconf 85' lang='lat' dir='ltr'>quod</span> <span class='ocrx_word' id='word_1_346' title='bbox 1832 2020 1870 2049; x_wconf 87' lang='lat' dir='ltr'>de</span> <span class='ocrx_word' id='word_1_347' title='bbox 1889 2020 2026 2050; x_wconf 84' lang='lat' dir='ltr'>Diodoro</span> 
     </span>
     <span class='ocr_line' id='line_1_31' title="bbox 582 2077 2027 2116; baseline 0.001 -11"><span class='ocrx_word' id='word_1_348' title='bbox 582 2078 671 2105; x_wconf 81' lang='lat' dir='ltr'>modo</span> <span class='ocrx_word' id='word_1_349' title='bbox 695 2078 867 2105; x_wconf 88' lang='lat' dir='ltr'>monuimus</span> <span class='ocrx_word' id='word_1_350' title='bbox 888 2082 918 2105; x_wconf 91' lang='lat' dir='ltr'>et</span> <span class='ocrx_word' id='word_1_351' title='bbox 937 2078 970 2104; x_wconf 89' lang='lat' dir='ltr'>in</span> <span class='ocrx_word' id='word_1_352' title='bbox 986 2077 1081 2114; x_wconf 84' lang='lat' dir='ltr'>ipsum</span> <span class='ocrx_word' id='word_1_353' title='bbox 1100 2078 1220 2104; x_wconf 84' lang='lat' dir='ltr'>illarum</span> <span class='ocrx_word' id='word_1_354' title='bbox 1241 2077 1370 2104; x_wconf 81' lang='lat' dir='ltr'>vitarum</span> <span class='ocrx_word' id='word_1_355' title='bbox 1391 2081 1544 2105; x_wconf 83' lang='lat' dir='ltr'>auctorem</span> <span class='ocrx_word' id='word_1_356' title='bbox 1564 2078 1671 2106; x_wconf 87' lang='lat' dir='ltr'>cadere</span> <span class='ocrx_word' id='word_1_357' title='bbox 1691 2078 1820 2106; x_wconf 85' lang='lat' dir='ltr'>videtur.</span> <span class='ocrx_word' id='word_1_358' title='bbox 1868 2078 1942 2106; x_wconf 77' lang='lat' dir='ltr'>Nam</span> <span class='ocrx_word' id='word_1_359' title='bbox 1963 2079 2027 2116; x_wconf 87' lang='lat' dir='ltr'>ipse</span> 
     </span>
     <span class='ocr_line' id='line_1_32' title="bbox 582 2133 2026 2173; baseline 0 -10"><span class='ocrx_word' id='word_1_360' title='bbox 582 2135 704 2172; x_wconf 86' lang='lat' dir='ltr'>quidem</span> <span class='ocrx_word' id='word_1_361' title='bbox 724 2135 847 2163; x_wconf 81' lang='lat' dir='ltr'>disertis</span> <span class='ocrx_word' id='word_1_362' title='bbox 867 2134 969 2162; x_wconf 83' lang='lat' dir='ltr'>verbis</span> <span class='ocrx_word' id='word_1_363' title='bbox 989 2134 1024 2161; x_wconf 81' lang='lat' dir='ltr'>ad</span> <span class='ocrx_word' id='word_1_364' title='bbox 1044 2133 1250 2172; x_wconf 83' lang='lat' dir='ltr'>Thucydidem</span> <span class='ocrx_word' id='word_1_365' title='bbox 1270 2133 1372 2161; x_wconf 89' lang='lat' dir='ltr'>multis</span> <span class='ocrx_word' id='word_1_366' title='bbox 1391 2133 1466 2161; x_wconf 87' lang='lat' dir='ltr'>locis</span> <span class='ocrx_word' id='word_1_367' title='bbox 1488 2138 1648 2171; x_wconf 82' lang='lat' dir='ltr'>provocat,</span> <span class='ocrx_word' id='word_1_368' title='bbox 1675 2134 1721 2162; x_wconf 85' lang='lat' dir='ltr'>uti</span> <span class='ocrx_word' id='word_1_369' title='bbox 1741 2133 1887 2162; x_wconf 68' lang='lat' dir='ltr'>Themin.</span> <span class='ocrx_word' id='word_1_370' title='bbox 1907 2134 1959 2162; x_wconf 81' lang='lat' dir='ltr'>vit.</span> <span class='ocrx_word' id='word_1_371' title='bbox 1980 2144 2026 2173; x_wconf 78' lang='lat' dir='ltr'>ep.</span> 
     </span>
     <span class='ocr_line' id='line_1_33' title="bbox 580 2189 2027 2228; baseline 0 -10"><span class='ocrx_word' id='word_1_372' title='bbox 580 2191 623 2218; x_wconf 87' lang='grc' dir='ltr'>ΙΧ</span> <span class='ocrx_word' id='word_1_373' title='bbox 654 2191 719 2219; x_wconf 89' lang='lat' dir='ltr'>init.</span> <span class='ocrx_word' id='word_1_374' title='bbox 746 2191 829 2222; x_wconf 87' lang='lat' dir='ltr'>„scio</span> <span class='ocrx_word' id='word_1_375' title='bbox 856 2191 1020 2227; x_wconf 84' lang='lat' dir='ltr'>plerosque</span> <span class='ocrx_word' id='word_1_376' title='bbox 1044 2191 1085 2217; x_wconf 89' lang='lat' dir='ltr'>ita</span> <span class='ocrx_word' id='word_1_377' title='bbox 1111 2189 1268 2226; x_wconf 83' lang='lat' dir='ltr'>scripsisse</span> <span class='ocrx_word' id='word_1_378' title='bbox 1286 2205 1323 2209; x_wconf 97' lang='lat'><strong>—</strong></span> <span class='ocrx_word' id='word_1_379' title='bbox 1341 2189 1394 2216; x_wconf 75' lang='lat' dir='ltr'>sed</span> <span class='ocrx_word' id='word_1_380' title='bbox 1417 2198 1472 2226; x_wconf 83' lang='lat' dir='ltr'>ego</span> <span class='ocrx_word' id='word_1_381' title='bbox 1495 2190 1684 2227; x_wconf 81' lang='lat' dir='ltr'>potissimum</span> <span class='ocrx_word' id='word_1_382' title='bbox 1703 2189 1873 2228; x_wconf 81' lang='lat' dir='ltr'>Thucydidi</span> <span class='ocrx_word' id='word_1_383' title='bbox 1899 2190 2027 2222; x_wconf 81' lang='lat' dir='ltr'>credo“;</span> 
     </span>
     <span class='ocr_line' id='line_1_34' title="bbox 582 2245 2027 2285; baseline -0.001 -10"><span class='ocrx_word' id='word_1_384' title='bbox 582 2252 715 2275; x_wconf 79' lang='lat' dir='ltr'>attamen</span> <span class='ocrx_word' id='word_1_385' title='bbox 737 2247 829 2284; x_wconf 84' lang='lat' dir='ltr'>longe</span> <span class='ocrx_word' id='word_1_386' title='bbox 851 2247 889 2274; x_wconf 84' lang='lat' dir='ltr'>ab</span> <span class='ocrx_word' id='word_1_387' title='bbox 915 2246 1045 2274; x_wconf 84' lang='lat' dir='ltr'>auctoris</span> <span class='ocrx_word' id='word_1_388' title='bbox 1069 2246 1117 2274; x_wconf 83' lang='lat' dir='ltr'>via</span> <span class='ocrx_word' id='word_1_389' title='bbox 1141 2245 1275 2273; x_wconf 81' lang='lat' dir='ltr'>deflectit</span> <span class='ocrx_word' id='word_1_390' title='bbox 1302 2245 1322 2273; x_wconf 85' lang='lat' dir='ltr'>l.</span> <span class='ocrx_word' id='word_1_391' title='bbox 1348 2245 1365 2272; x_wconf 94' lang='lat' dir='ltr'>l.</span> <span class='ocrx_word' id='word_1_392' title='bbox 1394 2255 1439 2282; x_wconf 90' lang='lat' dir='ltr'>cp.</span> <span class='ocrx_word' id='word_1_393' title='bbox 1460 2245 1526 2274; x_wconf 86' lang='lat' dir='ltr'>Vn.</span> <span class='ocrx_word' id='word_1_394' title='bbox 1564 2245 1671 2283; x_wconf 84' lang='lat' dir='ltr'>Neque</span> <span class='ocrx_word' id='word_1_395' title='bbox 1694 2246 1784 2274; x_wconf 87' lang='lat' dir='ltr'>aliter</span> <span class='ocrx_word' id='word_1_396' title='bbox 1805 2245 1837 2273; x_wconf 89' lang='lat' dir='ltr'>in</span> <span class='ocrx_word' id='word_1_397' title='bbox 1857 2245 1955 2285; x_wconf 67' lang='grc' dir='ltr'>ΑΙῷ.</span> <span class='ocrx_word' id='word_1_398' title='bbox 1975 2247 2027 2275; x_wconf 82' lang='lat' dir='ltr'>vit.</span> 
     </span>
     <span class='ocr_line' id='line_1_35' title="bbox 584 2301 2026 2340; baseline -0.001 -10"><span class='ocrx_word' id='word_1_399' title='bbox 584 2303 696 2330; x_wconf 78' lang='lat' dir='ltr'>factum</span> <span class='ocrx_word' id='word_1_400' title='bbox 724 2312 790 2330; x_wconf 78' lang='lat' dir='ltr'>csse</span> <span class='ocrx_word' id='word_1_401' title='bbox 817 2303 927 2340; x_wconf 73' lang='lat' dir='ltr'>cuique</span> <span class='ocrx_word' id='word_1_402' title='bbox 955 2302 1007 2339; x_wconf 86' lang='lat' dir='ltr'>qui</span> <span class='ocrx_word' id='word_1_403' title='bbox 1033 2302 1114 2340; x_wconf 85' lang='lat' dir='ltr'>quod</span> <span class='ocrx_word' id='word_1_404' title='bbox 1140 2301 1332 2339; x_wconf 85' lang='lat' dir='ltr'>Thucydides</span> <span class='ocrx_word' id='word_1_405' title='bbox 1358 2301 1396 2328; x_wconf 86' lang='lat' dir='ltr'>de</span> <span class='ocrx_word' id='word_1_406' title='bbox 1424 2301 1559 2329; x_wconf 88' lang='lat' dir='ltr'>eiusdem</span> <span class='ocrx_word' id='word_1_407' title='bbox 1582 2302 1640 2329; x_wconf 87' lang='lat' dir='ltr'>viri</span> <span class='ocrx_word' id='word_1_408' title='bbox 1663 2301 1756 2330; x_wconf 82' lang='lat' dir='ltr'>rebus</span> <span class='ocrx_word' id='word_1_409' title='bbox 1776 2301 1874 2330; x_wconf 76' lang='lat' dir='ltr'>refert</span> <span class='ocrx_word' id='word_1_410' title='bbox 1892 2311 1962 2329; x_wconf 86' lang='lat' dir='ltr'>cum</span> <span class='ocrx_word' id='word_1_411' title='bbox 1982 2311 2026 2334; x_wconf 83' lang='lat' dir='ltr'>ea,</span> 
     </span>
     <span class='ocr_line' id='line_1_36' title="bbox 581 2356 1728 2399; baseline -0.003 -11"><span class='ocrx_word' id='word_1_412' title='bbox 581 2369 657 2398; x_wconf 81' lang='lat' dir='ltr'>quac</span> <span class='ocrx_word' id='word_1_413' title='bbox 678 2360 757 2399; x_wconf 85' lang='lat' dir='ltr'>apud</span> <span class='ocrx_word' id='word_1_414' title='bbox 777 2359 885 2397; x_wconf 83' lang='lat' dir='ltr'>Nepot.</span> <span class='ocrx_word' id='word_1_415' title='bbox 905 2362 1019 2390; x_wconf 67' lang='lat' dir='ltr'>exstat,</span> <span class='ocrx_word' id='word_1_416' title='bbox 1038 2357 1212 2386; x_wconf 82' lang='lat' dir='ltr'>narratione</span> <span class='ocrx_word' id='word_1_417' title='bbox 1232 2356 1414 2388; x_wconf 86' lang='lat' dir='ltr'>contulerit,</span> <span class='ocrx_word' id='word_1_418' title='bbox 1438 2361 1545 2394; x_wconf 90' lang='lat' dir='ltr'>sponte</span> <span class='ocrx_word' id='word_1_419' title='bbox 1565 2356 1728 2395; x_wconf 81' lang='lat' dir='ltr'>apparebit.</span> 
     </span>
    </p>
   </div>
  </div>
 </body>
</html>
